2422 4200
233 122 254 186 8
503 123 543 180 Μ.
565 123 707 181 VELLEI
728 124 944 186 PATERCULI

203 278 328 337 aritatis
344 291 462 350 poenas
485 276 577 334 dedit.
615 276 735 350 Quippe
751 276 784 348 Q.
800 277 940 336 Metellus
956 284 1078 350 praetor

232 361 344 420 virtute
368 357 560 418 Macedonici
586 375 696 419 nomen
723 359 866 429 inditum,
901 362 1057 433 praeclara

231 445 334 519 ipsum
350 450 533 518 gentemque
548 444 704 517 superavit
724 450 754 501 et
769 443 890 502 immani
906 445 994 502 etiam
1007 443 1087 503 Ache

200 527 345 587 3bellare
365 526 539 601 incipientis
561 527 637 586 fudit
652 526 727 586 acie.
753 526 810 585 Hie
825 527 1022 587 csttllletellus
1036 527 1086 585 lllla

232 627 303 683 eus,
318 610 370 685 qui
382 612 534 684 porticus,
547 627 627 684 quae
640 611 725 669 fuere
736 610 939 670 circumdatae
951 612 1071 670 duabus
1084 630 1087 666 t

232 696 299 754 sine
317 694 515 768 inscriptione
531 695 655 768 positis,
683 710 762 768 quae
786 711 866 754 nunc
882 693 1025 753 Octaviae
1045 711 1085 769 po

230 776 411 849 ambiuntur,
420 780 542 849 fecerat,
551 778 1088 851 quiquehancturmnmstatuarumet

229 877 296 931 um,
325 875 404 932 quae
427 861 556 918 frontem
578 861 863 933 aediumspectant,
880 861 1035 935 hodieque
1046 878 1088 919 ma

201 937 219 990 4
231 950 442 1004 ornamentum
457 944 523 1001 eius
535 944 594 1001 loci
607 959 645 1001 ex
656 943 837 1002 Macedonia
849 945 962 1003 detulit.
993 945 1084 1004 Cuius

230 1027 309 1101 hane
325 1041 449 1085 eausam
465 1028 614 1098 referunt,
630 1027 772 1099 llllagnum
780 1028 987 1085 Alexandrum
999 1029 1089 1100 impet

229 1109 387 1187 Lysippo,
403 1110 549 1183 singulari
564 1111 667 1168 talium
680 1119 803 1168 auctore
816 1125 956 1183 operum,
974 1117 1088 1168 uteoru

229 1201 308 1267 turn,
326 1194 378 1268 qui
394 1194 547 1268 exipsius
563 1202 660 1252 turma
675 1194 758 1266 apud
774 1193 935 1252 Granicum
957 1191 1070 1250 flumen

230 1283 314 1351 rant,
340 1293 490 1351 expressa
516 1277 712 1336 similitudine
735 1278 900 1350 figurarum
921 1276 1035 1333 faceret
1050 1282 1090 1334 sta

203 1362 329 1435 5ipsius
347 1377 471 1434 quoque
486 1361 523 1420 iis
540 1360 754 1435 interponeret.
784 1360 837 1416 liic
852 1360 932 1416 idern
948 1359 1063 1430 primus
1079 1374 1090 1416 t

230 1445 348 1503 Romae
365 1445 472 1501 aedem
489 1460 527 1502 ex
542 1460 692 1502 marmore
708 1443 737 1499 in
754 1442 790 1500 iis
811 1442 887 1513 ipsis
904 1439 1090 1501 monumenti

203 1528 296 1598 titus,
323 1527 373 1583 vel
395 1525 638 1598 magnificentiae
661 1526 711 1582 vel
735 1524 873 1582 luxuriae
899 1524 1042 1597 princeps
1061 1525 1090 1583 su

230 1611 323 1669 ullius
344 1611 460 1682 gentis,
484 1610 606 1679 aetatis,
629 1608 744 1667 ordinis
764 1607 917 1664 hominem
932 1604 1086 1665 inveneris

230 1693 405 1752 felicitatem
429 1692 569 1750 fortunae
590 1691 701 1749 Metelli
721 1705 900 1763 comparcs;
928 1707 997 1748 nom
1020 1706 1090 1765 prae

232 1776 370 1835 callentis
381 1776 552 1848 triumphos
568 1775 764 1847 honoresque
779 1774 986 1847 amplissimos
1003 1781 1032 1832 et
1047 1776 1090 1847 pri

231 1860 262 1917 in
278 1860 437 1933 republica
453 1860 603 1932 fastigium
618 1863 835 1932 extentumque
853 1859 931 1915 vitae
948 1858 1080 1931 spatium

233 1944 469 2016 innocentisque
488 1959 544 2015 pro
570 1941 729 2014 republica
752 1957 820 2000 cum
847 1942 975 1999 inimicis
1003 1948 1166 2027 conth

235 2033 379 2099 quattuor
392 2026 473 2083 filios
489 2025 625 2093 sustulit,
642 2026 741 2082 omnis
753 2027 874 2084 adultae
888 2026 994 2083 aetatis
1010 2025 1100 2097 vidit,
1118 2019 1202 2108 (ΜΝ

204 2109 354 2180 ineliquit
366 2108 548 2179 superstites
562 2112 591 2164 et
605 2107 869 2165 honoratissimos
899 2108 1010 2166 llllortui
1023 2109 1088 2167 etus
1104 2116 1149 2183 lep

232 2206 290 2265 pro
311 2189 417 2249 rostris
440 2192 629 2249 sustulerunt
651 2197 793 2264 quattuor
807 2190 876 2262 filii,
898 2208 977 2250 unus
1000 2194 1148 2261 consular¹

233 2273 409 2347 censorius,
425 2275 697 2348 alterconsularis,
714 2274 819 2334 tertius
836 2276 958 2347 consul,
976 2281 1149 2349 quartusca

233 2358 322 2416 datus
344 2358 536 2429 consulatus
561 2374 651 2432 quern
673 2358 819 2418 honorem
840 2359 971 2432 adeptus
993 2365 1050 2417 est.
1085 2358 1149 2421 Hoc

233 2441 374 2501 nimirum
390 2440 488 2513 magis
505 2442 633 2499 feliciter
648 2441 687 2498 de
701 2443 763 2500 vita
773 2441 906 2515 migrare
923 2457 1014 2516 quam
1029 2442 1115 2501 mori.

209 2537 220 2587 t
314 2525 378 2583 Xll.
422 2523 577 2582 Universa
590 2522 716 2597 deinde,
739 2531 771 2583 ut
787 2525 1012 2598 praediximus,
1028 2522 1149 2587 instinct

232 2606 344 2665 bellurn
360 2606 492 2679 Achaia,
509 2606 596 2666 cuius
611 2623 685 2682 pars
701 2624 812 2682 magna
826 2609 963 2668 ciusdem
984 2607 1098 2667 Metelli
1110 2609 1150 2669 lllt

232 2689 334 2747 donici
348 2689 458 2748 virtute
474 2690 629 2765 armisque
647 2692 743 2750 fracta
758 2699 837 2762 erat,
859 2691 992 2751 maxime
1007 2692 1150 2753 Corinthii

231 2789 315 2832 arma
331 2789 397 2832 cum
412 2773 560 2847 gravibus
583 2774 671 2832 etiam
694 2775 724 2833 in
739 2776 895 2835 Romanos
917 2776 1109 2835 contumeliis
1130 2776 1150 2836 ir

231 2858 389 2930 guntinus,
413 2859 583 2918 destinatus
605 2858 631 2916 ei
653 2857 733 2917 bello
757 2860 892 2932 gerendo
916 2860 1025 2919 consul
1040 2859 1151 2919 Momm

203 2940 269 2999 atti
285 2943 341 3001 sub
356 2943 436 3000 idern
450 2949 587 3017 tempus,
609 2941 707 3014 magis
730 2943 800 3016 quia
821 2941 965 3002 volebant
977 2943 1109 3002 Romani
1130 2960 1152 3018 q

233 3024 662 3098 quiddeCartlraginiensibus
671 3025 963 3100 dicereturcredere,
973 3042 1064 3101 quam
1074 3026 1154 3102 quta

233 3106 333 3165 denda
348 3107 562 3181 afferebantur,
579 3111 681 3169 statuit
697 3119 822 3170 senatus
836 3109 1047 3184 Carthaginem
1061 3110 1155 3170 excidi

203 3188 276 3248 3lta
300 3190 409 3249 eodem
434 3199 573 3266 ternpore
597 3193 629 3250 P.
647 3193 751 3267 Scipio
766 3194 969 3267 Aemilianus,
995 3195 1043 3253 vir
1066 3192 1155 3255 avitis

231 3272 367 3331 Africani
387 3275 585 3350 paternisque
596 3276 628 3334 L.
641 3277 726 3335 Pauli
740 3277 902 3337 virtutibus
918 3278 1104 3353 simillimus,
1120 3292 1158 3338 on

232 3355 291 3416 bus
303 3357 374 3417 belli
387 3375 423 3418 ac
435 3366 525 3431 togae
538 3360 659 3419 dotibus
671 3361 836 3435 ingenique
847 3377 883 3421 ac
896 3361 1066 3422 studiorum
1079 3362 1159 3421 emin
