2348 4222
171 285 213 350 78
446 281 486 341 M.
508 280 649 340 VELLEI
669 278 887 340 PATERCULI

139 438 226 498 aviri
248 436 331 494 claro
352 432 528 507 celebrique
549 433 710 492 consulatu
732 430 955 505 praediximus.
989 431 1031 490 An

171 520 289 579 aestiva
303 532 404 592 usque
419 517 448 575 in
469 531 605 575 mensem
624 515 822 574 Decembrem
844 514 1031 589 productai

137 611 154 664 3
169 605 406 663 emolumentum
417 601 519 660 iecere
527 599 681 659 victoriae.
703 599 801 658 Pietas
813 598 1031 658 suaCaesaren

171 685 335 747 obstructis
350 683 591 757 ln'emeAlpibus
606 683 636 742 in
651 683 757 742 urbem
773 682 880 751 traxit;
897 690 928 741 at
942 683 1031 742 tutela

170 787 240 831 eum
255 770 336 830 veris
356 769 441 828 initio
462 766 585 827 reduxit
605 767 635 826 in
650 765 857 839 Germaniam,
882 767 914 824 in
937 766 1028 826 cuius

169 856 281 915 finibus
296 855 335 913 ad
351 858 443 926 eaput
456 850 573 926 Lupiae
587 849 721 910 fluminis
736 849 863 908 hiberna
878 849 1031 924 digrediar

169 954 245 1012 ceps
261 940 426 997 locaverat.

144 1030 159 1079 1
251 1020 326 1078 CVI.
345 1018 403 1078 Pro
420 1019 461 1077 dii
476 1017 558 1088 boni,
576 1017 680 1092 quanti
694 1016 858 1077 voluminis
870 1032 973 1091 opera
985 1019 1031 1077 ins

170 1109 286 1164 aestate
308 1103 366 1162 sub
389 1103 467 1161 duce
481 1101 602 1161 Tiberio
618 1100 752 1161 Caesare
772 1100 943 1174 gessimus!
971 1101 1031 1161 Per

169 1187 262 1247 armis
275 1192 341 1246 tota
356 1185 517 1246 Germania
531 1192 592 1256 est,
616 1185 713 1245 victae
733 1191 840 1260 gentes
864 1200 970 1259 paene
985 1201 1031 1246 nur

168 1271 357 1346 incognitae,
377 1278 520 1344 receptae
536 1267 726 1329 Cauchorum
748 1269 904 1327 nationesz
928 1269 1029 1329 omnis

169 1355 312 1417 iuventus
327 1354 443 1414 infinita
457 1368 599 1423 numero,
615 1354 764 1411 immensa
779 1352 986 1428 corporibus,
1001 1355 1031 1414 sit

168 1457 236 1500 rum
251 1437 401 1501 tutissima
415 1436 532 1499 traditis
549 1437 639 1496 armis
659 1452 721 1496 una
742 1451 808 1494 curn
831 1436 967 1497 ducibus
991 1437 1031 1498 sui

169 1525 295 1598 fulgenti
311 1531 489 1598 armatoque
505 1522 629 1581 militurn
649 1528 823 1580 nostrorum
838 1521 964 1595 agmine
979 1530 1031 1581 ant

137 1608 277 1670 aratoris
294 1607 459 1680 procubuit
472 1604 612 1664 tribunal.
635 1604 734 1664 Fracti
745 1604 960 1678 Langobardi,
976 1621 1031 1680 gen

170 1688 320 1746 Germana
333 1688 453 1746 feritate
473 1688 619 1756 ferocior,
642 1688 777 1762 denique
793 1689 877 1762 quod
892 1705 1031 1764 nunquat

169 1785 227 1844 spe
242 1776 440 1842 conceptum,
455 1770 569 1828 nedum
585 1785 679 1844 opere
693 1776 839 1832 tentatum
855 1779 939 1844 erat,
958 1775 999 1833 ad
1016 1792 1031 1847 q

168 1853 370 1929 gentesimum
390 1853 550 1913 miliarium
572 1853 711 1914 aRheno
733 1871 834 1930 usque
855 1855 894 1914 ad
912 1855 1031 1916 flumen

170 1939 222 2014 qui
234 1938 421 1999 Semnonum
434 1939 779 2014 Hermundurorumque
794 1940 864 1998 linis
881 1940 1030 2012 praeterii

136 2033 277 2088 amanus
300 2039 368 2083 cum
389 2023 485 2099 signis
509 2024 677 2098 perductus
700 2024 862 2083 exercitus.
896 2023 936 2082 Et
951 2026 1031 2085 ende

169 2108 312 2169 felicitate
326 2115 356 2167 et
372 2124 446 2167 cura
460 2107 547 2167 ducis
567 2115 801 2182 temporumque
817 2108 1022 2169 observantia

170 2207 249 2266 quae
265 2190 378 2250 Oceani
395 2192 710 2262 circumnavigaverat
724 2193 827 2265 sinus,
849 2191 887 2250 ab
908 2192 1031 2254 inaudit

168 2273 323 2345 incognito
345 2279 415 2331 ante
436 2271 513 2330 mari
533 2271 660 2333 flumine
674 2275 744 2333 Albi
768 2275 931 2348 subvecta,
959 2279 1030 2351 plur

168 2354 302 2430 gentium
317 2355 446 2415 victoria
460 2371 529 2414 cum
550 2356 814 2418 abundantissima
833 2375 935 2418 rerum
954 2378 1031 2422 omn:

168 2440 220 2514 pia
234 2439 381 2499 exercitui
398 2439 584 2515 Caesarique
600 2457 635 2501 se
649 2441 756 2503 iunxit.

136 2540 152 2592 1
249 2523 337 2585 CVll.
367 2525 433 2584 Non
449 2532 586 2598 tempero
602 2525 689 2600 mihi,
714 2527 787 2600 quin
802 2533 903 2586 tantae
918 2543 1025 2590 rerum

167 2608 263 2668 tudini
284 2608 359 2681 hoc,
385 2610 598 2682 qualecunque
619 2615 680 2680 est,
705 2609 848 2668 inseram.
882 2610 957 2671 Cum
986 2613 1031 2673 citt

165 2693 265 2766 ripam
281 2691 428 2764 praedicti
449 2688 583 2750 fluminis
599 2692 707 2751 castris
724 2707 970 2766 occupassemus
989 2688 1031 2758 el*

149 2779 282 2833 =armata
296 2771 430 2834 hostium
444 2777 599 2834 iuventute
614 2775 743 2849 fulgeret
758 2777 816 2836 sub
831 2793 952 2837 ornnem
968 2788 1031 2841 mot

167 2863 298 2917 strarum
318 2855 442 2917 navium
464 2857 602 2931 protinus
622 2860 850 2934 refugientium,
871 2880 953 2922 unus
977 2866 1031 2924 eb

167 2948 266 3002 aetate
294 2941 413 3013 senior,
446 2957 577 3016 corpore
605 2945 776 3017 excellens,
810 2946 970 3020 dignitate,
1008 2967 1031 3024 q¹

168 3027 350 3088 ostendebat
370 3027 484 3098 cultus,
512 3025 664 3100 eminens,
690 3036 844 3098 cavatum,
870 3039 904 3090 ut
922 3031 982 3089 illis
1006 3051 1031 3091 rn

167 3128 206 3171 ex
228 3112 354 3172 materia
375 3113 555 3172 conscendit
576 3114 695 3172 alveum
717 3093 918 3188 solusque‘id
933 3115 1030 3191 navig

165 3201 342 3268 temperans
358 3197 396 3254 ad
412 3196 545 3256 medium
562 3197 714 3270 processit
728 3197 863 3258 fluminis
879 3205 908 3257 et
923 3199 1024 3273 petiit,

60 3318 71 3324 -
167 3276 226 3336 sibi
241 3278 308 3335 sine
324 3279 460 3352 periculo
475 3281 504 3337 in
521 3296 587 3338 earn
604 3298 693 3354 quarn
709 3283 801 3340 armis
822 3283 1018 3356 tenebamus,

37 3378 41 3383 ·
134 3361 263 3434 aripam
286 3376 323 3420 ac
343 3361 449 3420 videre
463 3363 635 3423 Caesarem.
665 3366 743 3424 Data
765 3367 877 3439 petenti
900 3367 1030 3428 facultas

167 3444 300 3518 adpulsu
316 3444 404 3503 lintre
418 3453 448 3504 et
463 3446 516 3504 diu
531 3449 640 3508 tacitus
655 3453 876 3524 contemplatus
892 3451 1031 3511 Caesarei

167 3536 231 3590 stra
251 3528 389 3604 quidem,
415 3528 527 3604 inquil,
552 3531 622 3592 iurit
640 3531 799 3606 iuventae,
821 3551 900 3608 quate
922 3551 992 3594 curn
1015 3554 1031 3594 v
