2348 4222
196 338 237 402 92
465 336 506 395 Μ.
528 334 669 395 VELLEI
692 332 909 394 PATERCULI

198 488 378 564 gistratuum
392 485 586 563 provinciac;
608 485 708 545 honor
720 485 820 559 dignis
833 481 1057 564 paratissimus

198 572 229 631 in
253 573 351 632 malos
376 587 460 644 scra,
486 570 543 630 sed
565 568 685 643 aliqna;
716 576 879 643 superatur
900 567 1060 641 aequitate

199 656 321 716 ambitio
334 655 460 724 virtute;
476 669 546 713 nam
559 654 661 712 lacere
672 660 755 712 recte
768 650 844 712 civis
857 667 935 712 suos
948 651 1061 726 prince¹

199 756 267 800 mus
285 738 425 798 iaciendo
442 738 542 809 docet,
559 752 691 809 cumque
707 735 746 796 sil
760 734 889 810 imperio
901 733 1061 805 maximus

199 826 250 900 plo
268 823 366 882 maior
383 828 439 880 est.

169 919 182 969 1
286 905 429 965 CXXVII.
458 905 539 964 Raro
558 901 727 962 eminentes
742 901 801 973 viri
816 917 877 960 non
900 901 1027 976 magnis
1045 917 1061 960 a

200 991 258 1051 bus
280 989 320 1048 ad
343 988 573 1063 gubernandam
595 988 746 1047 fortunam
771 1002 858 1046 suam
878 983 930 1044 usi
954 994 1043 1058 sunt,

200 1071 363 1146 Scipiones
385 1070 507 1131 duobus
521 1069 650 1143 Laeliis,
675 1087 755 1145 quos
777 1085 832 1145 per
848 1067 953 1129 omnia
978 1085 1061 1144 aequ

200 1154 267 1228 sibi,
284 1162 317 1214 ut
332 1153 422 1214 divus
434 1154 593 1228 Augustus
608 1153 648 1211 llll.
656 1152 796 1229 Agrippa
811 1160 841 1212 et
855 1151 1004 1226 proxime
1020 1153 1056 1212 ab

200 1239 262 1298 tilio
279 1239 397 1311 Tauro,
420 1237 531 1311 quibus
553 1236 675 1297 novitas
698 1236 830 1296 familiae
850 1235 935 1295 haud
954 1235 1060 1298 obstiti

200 1322 300 1382 minus
322 1323 361 1382 ad
386 1319 562 1396 multiplicis
585 1323 764 1381 consulatus
786 1318 1061 1395 triumphosque<

168 1408 287 1481 aplura
316 1407 519 1466 eveherentur
547 1405 730 1464 sacerdotia.
770 1402 890 1464 Etenim
920 1419 1061 1480 magna,

200 1489 318 1566 magnis
333 1487 525 1550 adiutoribus
540 1495 645 1563 egent;
663 1504 733 1548 nam
748 1504 825 1563 poce
839 1492 941 1562 impar
954 1489 1061 1564 operta

200 1582 260 1646 tos,
280 1572 447 1634 ministeria
462 1570 581 1642 deficit,
599 1569 788 1641 interestque
802 1569 1015 1646 reipublicae,
1032 1588 1061 1646 qt

201 1658 427 1728 necessarium,
443 1665 473 1715 et
488 1654 633 1729 dignitate
649 1654 800 1726 eminere,
814 1653 1061 1730 utilitatemqnet

168 1747 261 1803 atate
277 1736 396 1796 muniri.
421 1737 483 1797 Sub
499 1737 547 1796 his
563 1737 714 1813 exemplis
726 1738 768 1797 Ti.
778 1737 1061 1800 CaesarSeionum.

200 1819 340 1896 principe
362 1818 516 1895 equestris
540 1818 656 1880 ordinis
682 1829 769 1895 patre
794 1830 917 1895 natum,
945 1831 1061 1883 malem

200 1919 313 1983 genere
330 1901 516 1964 clarissimas
531 1911 716 1979 veteresque
731 1913 761 1964 et
777 1904 906 1979 insignis
920 1904 1061 1967 honoribt

200 1989 325 2063 plexum
341 1986 487 2060 familias,
504 1987 667 2047 habentem
683 1987 855 2048 consularis
871 1989 1003 2064 iratreS,
1031 2006 1061 2050 co

201 2088 274 2145 noS,
296 2074 495 2144 avunculum,
518 2071 621 2146 ipsum
640 2088 712 2132 vero
735 2073 848 2131 laboris
870 2087 906 2131 ac
925 2073 1005 2133 fidei
1024 2089 1061 2147 ca}

201 2173 297 2226 mum,
321 2155 493 2215 sufficiente
514 2155 604 2216 etiam
624 2154 724 2230 vigori
745 2156 836 2214 animi
859 2171 1016 2231 compage
1039 2173 1061 2217 ct

202 2239 387 2312 singularem
406 2237 621 2311 principalium
638 2255 764 2298 onerum
779 2237 951 2299 adiutorem
968 2240 1003 2301 in
1021 2257 1061 2302 on

200 2320 266 2380 buit
280 2328 372 2393 atque
387 2319 493 2389 habet,
512 2319 609 2379 virum
624 2320 796 2382 severitatis
813 2321 1014 2399 laetissimae,
1030 2324 1061 2383 hi

200 2402 339 2477 priscae,
363 2411 432 2462 actu
454 2403 561 2463 otiosis
584 2403 782 2479 simillimum,
805 2404 877 2464 nihil
899 2406 960 2467 sibi
981 2406 1061 2468 vintb‘

202 2502 303 2561 eoque
331 2486 553 2561 adsequentem
582 2487 698 2563 omnia,
729 2505 914 2564 semperque
946 2491 1029 2552 infra
1058 2512 1061 2548 t

201 2569 431 2630 aestimationes
456 2588 491 2631 se
512 2570 700 2645 metientem,
724 2574 811 2632 vultu
831 2571 957 2647 vitaque
978 2584 1061 2649 trano

200 2652 302 2714 animo
322 2670 510 2714 exsomnem.

170 2751 185 2801 1
287 2737 442 2794 CXXVlll.
475 2736 509 2793 ln
531 2735 785 2801 liuiusvirlutum
807 2738 1024 2800 aestimatione
1045 2741 1061 2799 it

200 2821 270 2880 dem
291 2817 404 2878 iudicia
420 2817 551 2879 civitatis
570 2836 639 2879 cum
662 2817 784 2881 iudiciis
806 2817 954 2896 principis
979 2834 1061 2884 certa

202 2918 263 2977 que
277 2918 378 2960 novus
393 2901 442 2959 hic
452 2917 519 2961 mos
533 2911 658 2963 senalus
672 2903 842 2980 populique
849 2906 981 2966 Romani
996 2917 1061 2981 est]

167 2996 184 3050 2
200 2985 285 3061 quod
301 2981 447 3059 optimum
462 2985 510 3059 sil,
526 3002 597 3046 esse
612 2986 845 3048 nobilissimum.
869 2989 943 3048 Nam
961 2999 991 3050 et
1002 2989 1061 3056 illi:

201 3069 252 3145 qui
268 3076 338 3129 ante
353 3069 483 3144 primum
498 3069 610 3130 bellum
626 3069 771 3131 Punicum
788 3072 897 3133 abhinc
913 3089 1014 3134 annos
1030 3083 1061 3134 tn

198 3153 241 3214 Ti.
264 3153 503 3227 Coruncanium,
527 3153 681 3215 hominem
703 3173 831 3229 novum,
859 3173 928 3216 cnm
944 3157 1019 3217 ‘aliis
1044 3175 1062 3219 o

198 3236 367 3296 honoribus
392 3245 454 3296 tum
480 3238 659 3312 pontificatu
682 3239 772 3299 etiarn
795 3239 927 3300 maximo
950 3242 992 3301 od
1013 3240 1061 3316 pri

199 3320 336 3378 extulere
353 3321 521 3402 fastigium,
539 3329 570 3381 et
586 3321 638 3397 qui
654 3321 791 3398 equestri
805 3325 875 3385 loco
891 3332 993 3384 natum
1013 3325 1058 3401 Sp

198 3398 272 3459 lium
288 3409 317 3460 et
331 3416 404 3460 mox
419 3403 459 3460 M.
476 3402 635 3477 Catonem,
652 3423 765 3466 novum
782 3406 872 3467 ctiam
887 3408 1021 3470 Tusculo
1039 3428 1061 3470 u

200 3481 364 3557 quilinum‚
379 3483 617 3562 Mummiumque
632 3489 799 3550 Achaicum
815 3491 845 3549 in
862 3492 1058 3570 consulatus,

198 3583 251 3628 ras
274 3575 304 3627 et
326 3565 496 3642 triumphos
519 3586 706 3647 provexere,
731 3574 834 3648 etqui
856 3574 887 3634 C.
905 3575 1036 3636 Marium
