2348 4222
205 333 415 394 HISTORIAE
435 334 628 394 ROMANAE
646 336 688 408 ll,
708 343 751 396 aa.
927 331 969 395 55

12 486 142 559 stigium
165 491 194 543 et
217 492 330 559 quantu
353 485 506 545 Ciceronis
529 486 630 545 studio
651 487 764 546 Brutus
780 488 970 560 Cassiusque

12 576 20 595 ¹·
46 569 213 640 ilerentur,
240 568 492 642 denuntiaretque
519 585 554 627 se
580 584 649 627 curn
673 570 767 628 Bruto
790 569 970 645 Cassioque,

50 652 114 711 iarn
130 651 237 709 decem
258 658 288 709 et
301 657 418 725 septem
437 652 591 725 legionum
612 659 755 726 potentes
777 660 877 727 erant,
904 654 970 713 iun-

72 751 104 792 m
119 732 194 792 liris
208 750 298 808 snas,
314 734 970 810 siCaesareiusaspernareturconcordlam,

33 826 166 892 eretque
186 820 256 890 plus
272 818 434 877 Caesarem
455 818 566 891 patris,
591 834 683 892 quam
706 833 741 876 se
761 817 851 876 amici
866 821 971 878 ultioni

47 917 118 970 ere;
136 898 179 934 **
200 901 289 974 igitur
310 901 385 962 inita
399 901 554 974 potentiae
575 902 708 960 societas
730 908 760 960 et
780 901 999 964 hortantibusa

42 984 209 1058 ntibusque
231 984 417 1043 exercitibus
439 984 516 1042 inter
529 984 695 1045 Antonium
710 985 798 1043 etiarn
816 992 846 1043 et
861 985 970 1044 Caesa-

11 1064 52 1125 lm
66 1068 146 1128 iacta
161 1067 319 1140 adfinitas,
341 1083 410 1126 curn
425 1074 509 1126 esset
524 1068 662 1142 privigna
679 1069 792 1127 Antoni
813 1068 972 1142 desponsa

11 1152 127 1231 pesari3
150 1152 405 1224 consulatumque
426 1150 490 1209 iniit
506 1150 618 1212 Caesar
640 1151 738 1225 pridie
754 1167 845 1226 quam
868 1152 969 1225 viginti

11 1236 85 1305 inus
101 1234 254 1307 impleret,
271 1250 302 1291 x.
316 1233 383 1293 Kal.
401 1233 556 1307 Octobris,
580 1251 648 1294 cum
672 1236 790 1307 collega
812 1234 845 1306 Q.
864 1235 969 1306 Pedio,

11 1318 60 1391 pst
83 1316 190 1376 urbem
216 1317 369 1377 conditam
396 1318 484 1376 annis
516 1317 716 1392 septingentis
741 1333 867 1392 novem,
901 1325 971 1377 ante

11 1401 181 1475 aptunginta
196 1402 290 1473 duos
307 1417 396 1473 quam
414 1408 460 1471 tu,
474 1401 515 1458 lli.
526 1401 643 1471 Vinici,
660 1402 850 1459 consulatum
866 1401 969 1459 inires

11 1482 72 1542 'idit
86 1483 136 1542 liic
152 1499 250 1542 annus
266 1483 458 1555 Ventidium,
481 1498 535 1557 per
551 1500 642 1558 quam
661 1484 767 1541 urbem
784 1484 860 1541 inter
876 1481 999 1556 capti-3

11 1582 43 1625 as
59 1567 226 1624 Picentium
240 1568 270 1624 in
285 1566 438 1637 triumpho
455 1567 565 1624 ductus
580 1573 658 1637 erat,
682 1566 711 1622 in
726 1581 763 1622 ea
778 1567 970 1624 consularem

10 1654 176 1706 raetextani
196 1649 369 1721 iungentem
386 1647 557 1720 praeturia;
576 1647 654 1706 idern
673 1646 722 1705 hic
740 1656 849 1721 postea
867 1647 965 1707 trium-

10 1731 103 1791 havit.

68 1812 171 1871 LXVI.
212 1812 344 1871 Furente
370 1813 481 1873 deinde
504 1815 639 1873 Antonio
665 1815 817 1889 simulque
843 1813 996 1888 Lepido,l

9 1913 117 1956 uorum
138 1903 279 1972 uterque,
303 1904 335 1955 ut
357 1898 579 1970 praediximus,
601 1897 706 1956 hostes
729 1898 852 1957 iudicati
874 1907 968 1970 erant,

10 1997 57 2039 um
72 1979 161 2040 ambo
176 1982 300 2040 mallent
314 1980 372 2039 sibi
389 1983 548 2057 nunciare,
563 1981 635 2054 quid
649 1982 736 2054 passi
752 1987 857 2039 essent
879 1997 969 2053 quarn

10 2064 62 2122 uid
71 2065 285 2136 emeruissent,
297 2072 488 2137 repugnante
496 2063 689 2121 Caesareserl
700 2064 811 2121 trustra
819 2063 969 2121 adversus

10 2163 83 2217 uoS,
108 2145 306 2207 instauratum
328 2145 444 2203 Sullani
466 2145 599 2218 exempli
622 2147 749 2217 malurn,
773 2145 968 2218 proscriptio.

11 2229 65 2288 ihil
77 2238 138 2288 tarn
151 2228 365 2301 indignumillo
374 2232 512 2302 tempore
521 2228 589 2298 luit,
607 2243 697 2301 quarn
707 2228 789 2301 quod
799 2232 849 2286 aut
858 2226 997 2285 Caesari

10 2314 121 2386 liquem
144 2311 336 2383 proscribere
356 2319 481 2371 coactus
503 2318 549 2370 est
570 2318 621 2370 aut
641 2311 680 2369 ab
698 2311 759 2370 ullu
777 2310 881 2369 Cicero
899 2326 968 2383 pro·

9 2397 123 2467 niptus
139 2401 186 2451 est
210 2388 395 2468 abscisaque
417 2397 535 2453 scelere
556 2394 671 2454 Antoni
693 2411 753 2454 vux
776 2394 898 2468 publica
913 2402 969 2466 est,

9 2495 58 2536 rm
74 2477 139 2533 eius
156 2475 284 2534 salutem
298 2491 388 2534 nemo
405 2475 610 2546 defendisset,
633 2479 683 2550 qni
701 2494 755 2550 per
769 2484 812 2536 tot
827 2492 924 2536 annos
940 2485 970 2535 et

10 2557 144 2617 ublicam
166 2557 295 2616 civitatis
317 2564 347 2616 et
368 2558 516 2631 privatam
537 2558 646 2616 civium
669 2554 855 2618 defenderat.
890 2559 997 2617 Nihil3

9 2656 88 2700 men
114 2641 216 2714 egisti,
236 2639 276 2699 Μ.
291 2641 421 2700 Antoni:
444 2641 526 2714 cogit
548 2641 628 2698 enirn
644 2641 796 2700 excedere
818 2643 969 2713 propositi

9 2739 116 2783 trinam
139 2724 242 2797 operis
270 2739 434 2797 erumpens
457 2724 557 2783 animo
580 2739 615 2782 ac
641 2732 766 2799 pectore
791 2723 967 2797 indignatio,

9 2806 76 2876 liil,
94 2805 233 2880 inquam,
250 2808 339 2880 egisti
355 2808 527 2866 mercedem
545 2807 758 2868 coelestissimi
782 2807 843 2866 oris
864 2814 893 2866 et
908 2808 967 2865 cla-

9 2889 100 2949 ssimi
116 2890 223 2963 capitis
238 2890 352 2949 abscisi
367 2891 556 2950 numerando
572 2896 866 2964 auctoramentoque
882 2892 967 2950 lune-

9 2974 29 3032 fi
54 2973 92 3031 ad
116 2975 341 3032 conservatoris
359 2974 514 3047 quondam
533 2974 722 3049 reipublicae
741 2974 878 3046 tantique
895 2990 967 3032 con-

9 3055 64 3115 rlis
78 3057 230 3116 inritando
246 3072 362 3116 necem.
398 3058 538 3131 Rapuisti
550 3064 612 3118 tum
629 3057 767 3116 Ciceroni
783 3059 880 3115 lucem
898 3055 997 3114 soli-4

10 3146 76 3199 tam
93 3147 122 3197 ct
136 3146 266 3198 aetatem
278 3140 404 3198 senilem
421 3147 451 3199 et
464 3141 557 3198 altam
572 3141 760 3198 miseriorem
775 3145 804 3196 te
820 3136 969 3210 principe,

8 3238 80 3283 uam
97 3222 154 3280 sub
170 3231 200 3281 te
215 3222 370 3282 triumviro
393 3229 536 3289 murtem3
559 3223 670 3279 lamam
691 3236 765 3279 vero
781 3220 971 3294 gloriamque

10 3312 136 3365 ciorum
151 3313 244 3378 atque
259 3303 410 3364 dictorum
425 3304 504 3363 adeo
524 3320 584 3362 non
601 3303 766 3374 abstulisti,
788 3311 820 3363 ul
835 3305 968 3363 auxeris.

8 3389 69 3449 ivit
83 3389 226 3461 vivetque
238 3403 294 3461 per
304 3403 424 3447 omnem
437 3388 610 3446 seculorum
627 3388 818 3455 memoriam
835 3388 997 3462 dumquea

8 3488 43 3535 >c
67 3473 115 3529 rel
141 3473 218 3531 forte
239 3471 286 3528 vel
308 3471 499 3544 providentia
522 3471 568 3528 vel
592 3476 747 3544 utcunque
775 3471 969 3530 constitutum

8 3572 87 3615 runi
105 3562 230 3613 naturae
246 3569 375 3629 corpus,
393 3558 475 3630 quod
491 3555 541 3613 ille
556 3568 655 3627 paene
670 3553 970 3614 solnsRomanurum
