2348 4222
134 412 190 450 vm
403 398 502 449 FRID.
521 397 658 446 HAASII
676 396 905 446 PRAEFATIO.

135 529 194 588 HS,
207 535 235 577 ut
246 532 350 578 ananiam
361 553 401 578 μ.
421 531 485 579 coni.
499 531 531 579 Μ.
547 544 621 593 quem
633 530 667 577 ita
679 537 780 577 secutus
793 545 862 588 sum,
881 536 909 577 ut
922 543 970 577 nan
985 535 1028 593 qui
1038 531 1083 579 sed
1095 540 1121 580 at
1134 550 1174 597 qu

134 598 276 644 scriberem.

201 660 245 719 11,
261 659 288 717 2.
313 667 353 712 cui
364 679 399 713 en
409 664 500 712 uirtute
512 663 674 713 Macedonici
684 678 771 712 nomen
783 660 922 711 inditurus
940 669 1009 720 erat,
1029 663 1081 712 scil.
1095 665 1172 713 Pseu-

135 727 305 793 dophilippus.
330 731 363 778 M.

201 792 251 854 12,
265 793 290 850 6,
315 798 379 845 caleo
392 798 475 845 odium
485 822 519 831 -
535 811 566 845 ue
579 799 604 845 in
615 798 686 845 uictis
698 797 795 859 quidem
807 797 942 858 deponitur
953 812 1033 860 neque
1046 803 1103 845 ante
1114 798 1166 845 inni

133 876 186 910 sum
203 877 257 911 esse
276 864 380 920 desinit,
406 880 479 927 quam
503 865 585 927 quod
608 878 662 912 csse
687 865 769 911 desiit.
794 863 857 910 coni.
877 863 905 913 G.
925 863 1016 911 Linker
1032 863 1058 910 in
1075 864 1162 913 Diumi

134 929 219 976 Austr.
234 928 351 978 scholast.
366 944 388 976 a.
403 928 476 978 1852.
490 944 548 994 pag.
561 928 603 978 88.

201 992 248 1053 13,
263 993 289 1050 3.
313 1011 461 1059 semperque
474 1003 517 1044 aut
529 997 587 1046 belli
598 1002 641 1045 aut
656 999 730 1058 pacis
745 1012 777 1045 se
796 998 919 1045 erudiit
935 997 1039 1045 artibus.
1063 998 1096 1045 M.

202 1059 248 1118 14,
262 1057 290 1113 4.
315 1063 343 1109 ln
362 1063 400 1110 ed.
414 1063 492 1125 princ.
512 1070 536 1110 et
552 1064 607 1111 eod.
621 1064 721 1111 Amerb.
734 1071 801 1110 reete
817 1064 891 1112 scribi
908 1064 942 1110 ait
953 1063 986 1112 M.
1000 1080 1016 1111 a
1028 1062 1074 1126 Sp.
1087 1064 1166 1113 Postu

134 1128 195 1184 mio,
214 1141 263 1176 non
278 1143 321 1185 ao,
342 1129 400 1189 quia
413 1143 544 1177 censorum
556 1131 656 1178 asinina
672 1144 724 1177 non
740 1131 892 1193 temporibus
904 1130 1044 1178 indicandis
1056 1129 1163 1180 adhiben

134 1202 188 1252 tur,
203 1195 326 1241 civitatem
338 1209 396 1243 vero
410 1194 469 1242 dare
481 1209 597 1244 censores
611 1196 658 1244 diei
670 1203 790 1260 possunt,
808 1210 882 1258 quam
894 1197 920 1244 in
932 1197 1027 1245 tabulas
1040 1198 1147 1245 initiant.

202 1256 250 1317 15,
264 1257 292 1313 4-
317 1259 468 1310 Scolacium
484 1262 645 1321 Minervium,
674 1263 808 1310 Tarentum
825 1263 960 1325 Neptunia.
997 1263 1039 1311 Sic
1062 1272 1174 1326 quattus

134 1325 197 1373 haec
209 1328 310 1375 nomina
322 1329 453 1377 scribenda
471 1344 539 1387 esse,
558 1336 586 1377 ut
603 1330 708 1378 dirarum
724 1329 876 1377 coloniarum
894 1331 957 1384 siut,
984 1330 1066 1378 docuit
1079 1332 1112 1379 M.
1125 1332 1168 1379 vid

135 1391 248 1440 Berichte
261 1394 304 1441 der
316 1395 375 1443 kiin.
389 1395 472 1443 siiehs.
487 1396 544 1445 Ges.
559 1396 583 1443 d.
597 1396 639 1443 W.
652 1395 741 1443 Plrilol.
754 1394 812 1443 hist.
825 1397 863 1444 Kl.
878 1394 952 1443 1849.

202 1457 248 1517 16,
263 1456 290 1512 4.
315 1463 418 1523 inqenia
430 1460 563 1511 Socratico
576 1478 620 1511 ore
639 1463 904 1524 efflorescentia.
929 1463 962 1510 M.

252 1523 291 1573 ib.
317 1530 377 1592 quid
388 1535 446 1576 ante
458 1529 600 1577 Isocratem
612 1552 645 1564 —-
657 1532 750 1577 clarum
762 1532 788 1576 in
799 1529 963 1578 oratoribus?
978 1529 1044 1597 fuit
1064 1531 1097 1578 id
1114 1531 1174 1579 ade

323 1600 433 1642 artatum
444 1620 486 1641 -.
510 1596 543 1643 M.

202 1655 248 1716 17,
263 1657 289 1713 5.
314 1662 398 1708 Huius
411 1676 472 1725 erpo
484 1663 524 1709 rei
535 1663 646 1710 cedentis
658 1663 684 1708 in
695 1665 819 1709 saeculam
830 1662 862 1709 Μ.

201 1721 239 1771 ib.
253 1726 269 1783 ,S
282 1722 306 1779 6.
331 1732 358 1774 ut
367 1731 449 1788 primo
463 1730 499 1774 ad
508 1729 696 1791 consequendos
708 1742 835 1791 quosque
846 1732 948 1789 priores
961 1730 1071 1777 ducimur
1082 1735 1174 1792 atqu

136 1793 295 1841 accendimur
306 1818 347 1838 ·-.
373 1794 408 1839 lta
421 1794 579 1841 scribendum
590 1794 701 1851 videtur,
719 1804 851 1856 propterca
869 1795 937 1856 quod
951 1796 977 1841 in
993 1794 1039 1841 hac
1050 1809 1078 1842 rc
1095 1795 1168 1843 nullu

137 1866 174 1907 cst
186 1859 298 1935 opinioni
310 1859 392 1913 lacus,
408 1875 453 1907 nee
465 1861 560 1923 priores
574 1860 700 1917 ducimus,
715 1862 757 1921 qui
769 1861 865 1923 priores
877 1868 943 1909 sant.
967 1862 997 1907 H.

202 1924 240 1972 rb.
267 1927 364 1989 aliquid
374 1929 400 1973 in
418 1942 464 1989 quo
483 1931 602 1974 niteamus
620 1931 793 1991 conquirimus.
818 1929 853 1974 ita
866 1934 888 1974 et
901 1941 946 1988 ega
959 1941 981 1973 a.
997 1924 1062 1974 1828
1075 1929 1172 1977 conieci

137 2001 160 2040 ct
172 2007 194 2039 a.
210 1990 275 2040 1837
287 1992 399 2039 Halmius
413 2001 436 2040 et
449 2007 516 2041 nunc
528 1993 693 2055 Bernaysius,
713 1994 786 2040 sicuti
799 1993 858 2041 clim
869 1993 986 2041 Heinsius
999 1998 1148 2043 enitcamus.

202 2055 251 2112 18,
265 2055 288 2111 1.
312 2059 428 2120 pluribus
441 2062 507 2107 arti
511 2075 524 2107 s
537 2063 751 2123 eloquentiaeque
770 2076 842 2123 quam
853 2063 971 2109 uniuersa
985 2059 1107 2119 Graecia,
1122 2076 1173 2124 ope

134 2125 204 2174 ribus
215 2126 302 2188 floridi
314 2127 377 2173 coni.
392 2126 421 2173 H.
434 2126 496 2175 Keil.
518 2124 590 2176 1843.
610 2127 635 2174 in
655 2126 719 2174 thesi
731 2126 787 2174 ΧΠ.
808 2127 918 2175 subiecta
930 2126 1069 2175 Observatt.
1089 2129 1144 2176 erit.
1157 2128 1166 2176 i

134 2193 181 2241 Pro
203 2201 247 2240 ert.
523 2197 526 2202 '
1097 2194 1101 2201 '

183 2208 251 2314 I›18,
266 2254 293 2311 2.
319 2260 487 2306 castanetum
498 2259 622 2322 urbesque
635 2265 660 2307 ct
672 2264 697 2306 in
709 2259 790 2307 Italia
801 2262 887 2307 tatinum
897 2260 1035 2307 studiorum
1044 2260 1121 2320 suere
1131 2266 1169 2309 si

134 2328 203 2374 riles.
230 2324 287 2371 Nisi
302 2323 400 2371 Tlrelas
416 2340 488 2371 unum
505 2339 533 2373 os
545 2325 656 2371 Pindari
671 2327 829 2373 inluminaret
848 2324 915 2387 (nam
927 2326 1051 2374 Alcmana
1062 2326 1171 2376 Lacone

132 2393 200 2454 salso
213 2389 262 2437 sibi
273 2387 420 2452 inierdicant)
434 2423 522 2436 .....
536 2398 563 2437 ut
576 2390 639 2437 desit
651 2390 768 2453 apodasis
782 2405 831 2452 qua
844 2390 933 2438 dixerit
945 2392 1056 2441 Velleius
1068 2392 1160 2442 latura

135 2457 228 2509 fuisse,
242 2462 270 2501 ut
283 2456 395 2504 civitates
408 2455 465 2503 illae
478 2457 545 2503 omni
558 2456 694 2504 litterarum
706 2456 781 2505 laude
792 2465 912 2504 carerent.
937 2459 970 2506 M.

202 2519 282 2571 hil».
297 2520 353 2580 ll,
371 2520 400 2577 1,
414 2518 441 2576 5·
473 2524 616 2571 Assentitur
633 2522 694 2571 mihi
711 2523 744 2571 M.
764 2523 887 2571 advoces
904 2540 954 2573 non
971 2526 1113 2574 recusanda
1132 2540 1168 2575 no

133 2605 242 2654 poenam
255 2604 301 2637 uec
313 2589 381 2637 aliud
394 2589 530 2651 quidquam
542 2589 686 2638 addendam
698 2605 767 2648 essm
781 2591 874 2638 scilicet
885 2590 1038 2654 intellegitur
1048 2590 1172 2642 Mancinu

135 2672 185 2705 nou
198 2672 329 2706 recusasse
342 2657 367 2704 id
380 2671 410 2703 ne
422 2655 500 2713 lieret,
515 2656 583 2717 quod
595 2655 688 2704 factum
701 2664 746 2705 est.
773 2658 888 2706 Ceterum
902 2657 933 2705 ci.
947 2659 1004 2706 Tac.
1018 2659 1086 2706 Anu.
1100 2658 1132 2717 II,
1142 2659 1174 2707 2⁴

135 2727 172 2773 illi
182 2727 309 2787 supplices
321 2724 383 2771 nileil
393 2722 524 2771 abnuendo
536 2726 631 2770 ueniam
642 2727 745 2771 omnium
758 2739 888 2785 accepere.

224 2787 263 2837 is.
290 2789 412 2846 Quoniam
423 2789 486 2835 mire
499 2802 559 2836 sane
576 2788 650 2836 modo
669 2788 793 2838 Samnites
811 2791 854 2852 qui
871 2790 903 2838 ad
920 2790 1042 2840 Gaudium
1052 2790 1173 2841 Romano

136 2857 206 2918 gravi
219 2856 341 2904 dedecore
353 2854 502 2909 affecerunt,
523 2855 626 2904 Caudini
639 2856 807 2920 appellantur,
826 2857 921 2905 mavult
933 2872 965 2905 ex
977 2856 1156 2909 antecedentib

136 2922 221 2970 hostes
234 2921 377 2983 intellegere
390 2928 414 2969 ct
428 2922 508 2971 Caudi
519 2923 626 2971 scribere
637 2923 670 2970 M.
1061 2941 1064 2948 ·

204 2985 231 3045 2,
245 2984 272 3042 2.
294 2991 461 3050 pramnlqatis
473 2990 584 3050 aquariis
596 2988 693 3051 lcqtbus
705 3004 788 3037 ornae
806 2991 854 3037 ius
863 2990 982 3054 sasque
999 3004 1056 3038 can
1063 2996 1154 3041 cutte

135 3055 181 3103 tib
189 3070 235 3112 us,
248 3070 341 3102 summa
354 3057 407 3102 initis
418 3057 522 3102 miscuit.
547 3054 575 3102 B.
600 3055 710 3104 omnibus
722 3061 771 3103 tum
783 3055 1021 3120 conquiescentibus.
1044 3057 1080 3105 M.

204 3119 233 3178 3,
247 3117 275 3175 2.
305 3121 364 3169 Tam
381 3123 475 3182 optima
491 3127 594 3169 serimus
612 3127 686 3185 atque
709 3124 834 3186 equestris
856 3123 954 3171 ordinis
967 3136 1034 3185 pars
1050 3126 1146 3175 melior
1168 3148 1174 3166 ι

136 3192 224 3238 maior.
237 3188 270 3236 M.
300 3188 359 3235 Tum
372 3185 524 3251 [optimates]
537 3194 639 3236 senatus
651 3203 736 3252 aeque
748 3194 779 3236 et
791 3192 915 3253 equestris
927 3190 984 3238 ord.
997 3188 1027 3237 H.

204 3251 230 3310 5,
245 3250 272 3306 2.
297 3269 347 3303 non
360 3256 546 3303 deterrituscst
557 3256 699 3317 proposito.
723 3256 1087 3320 Perseverantiaducisquem
1099 3282 1144 3305 -—.
1166 3262 1172 3299 i

205 3316 234 3378 6,
248 3315 276 3373 2.
301 3336 354 3367 curn
364 3336 457 3369 summa
469 3323 550 3383 quiete
561 3323 712 3369 unanimis
724 3323 832 3370 ciuitatis
841 3327 963 3385 princeps
974 3336 1031 3370 esse
1039 3328 1145 3385 posset.
1166 3330 1172 3365 t

237 3384 274 3433 il).
299 3390 371 3448 lonpe
388 3390 487 3435 maiore
505 3393 575 3434 arte
589 3390 697 3449 priora
708 3394 835 3451 repetens.
848 3388 877 3436 B.

205 3449 234 3508 7,
249 3451 274 3508 3.
299 3451 348 3501 net
365 3459 451 3501 tantae
461 3468 552 3515 parum
570 3455 605 3501 ad
620 3457 731 3502 notitiam
745 3457 878 3516 pertinens
894 3458 1075 3518 interponatur
1091 3455 1173 3505 laec

138 3518 176 3568 lu‘c
193 3525 231 3567 est
250 3518 359 3581 Opimius
371 3544 412 3567 -.
438 3520 486 3567 nisi
502 3519 580 3568 leaeo
597 3521 715 3578 addatur,
734 3521 824 3569 durum
841 3522 886 3569 erit
903 3536 956 3569 rem
971 3520 1134 3586 intellegere3
1152 3536 1168 3569 e
