2422 4200
214 403 424 464 HlSTORIAE
443 405 635 465 ROMANAE
656 408 696 482 ΙΙ,
720 418 746 468 5.
762 418 788 470 6.
891 405 896 412 ’
953 409 996 473 17

12 557 113 627 capite
132 556 243 614 elatum
265 562 327 627 est,
351 557 436 616 cuius
456 573 552 631 opera
564 573 658 631 super
672 566 768 618 totum
782 567 929 620 terrarum
944 579 993 623 or-

12 636 81 694 bem
95 639 193 696 Roma
215 639 364 698 extulerat
384 648 485 712 caput.
515 639 577 698 Seu
599 640 735 713 letalem,
755 649 788 700 ut
800 644 919 717 plureS,
936 662 994 706 seu

10 683 178 1061 &flotam
192 719 325 793 insidiis,
345 729 379 780 ut
396 723 489 795 aliqui
504 723 666 795 prodidere
679 727 852 797 memoriae,
866 735 994 788 mortem

57 803 103 875 iit,
123 803 215 860 vitam
234 812 315 862 certe
338 804 548 877 dignissimam
570 806 646 879 egit,
676 823 756 880 quae
777 809 890 866 nullius
903 811 942 867 ad
962 811 994 869 id

45 886 161 959 mporis
177 893 391 959 praeterquam
409 889 490 946 avito
506 888 624 960 fulgore
645 889 826 949 vinceretur.
852 891 1027 955 Decessit?

18 980 94 1026 anno
116 970 211 1026 lerme
232 970 486 1042 quinquagesimo
509 978 612 1042 sexto,
637 972 676 1030 de
692 990 753 1046 quo
769 975 796 1031 si
812 973 881 1046 quis
897 975 994 1034 ambi·

18 1059 73 1124 get,
87 1059 224 1110 recurrat
238 1052 278 1108 ad
292 1052 425 1125 priorem
437 1055 627 1112 consulatum
639 1055 714 1128 eins,
730 1057 759 1113 in
769 1072 858 1130 quem
872 1065 993 1118 creatus

17 1140 64 1193 'cst
77 1150 157 1194 anno
173 1134 327 1194 tricesimo
344 1143 467 1206 octavo,
484 1137 525 1194 ita
540 1136 677 1196 dubitare
692 1139 819 1198 desinet.

97 1219 137 1276 V.
180 1218 260 1275 Ante
282 1224 402 1292 tempus
432 1218 556 1277 excisae
576 1219 754 1280 Numantiae
776 1224 935 1295 praeclara
963 1222 1025 1285 inl
1129 1282 1133 1291 ,

10 1240 163 1374 hispania
177 1301 282 1359 militia
295 1300 330 1359 D.
345 1301 430 1359 Bruti
445 1303 508 1374 luit,
532 1303 583 1375 qui
600 1305 763 1376 penetratis
786 1305 927 1364 omnibus
940 1304 993 1365 Hi-

36 1383 315 1457 paniaegentibus,
338 1384 452 1458 ingenti
466 1386 497 1443 vi
512 1385 666 1444 hominum
681 1387 863 1463 urbiumque
878 1388 993 1462 potitus

38 1481 157 1539 umero,
173 1466 263 1527 aditis
280 1483 358 1541 quae
372 1468 424 1526 vix
439 1469 543 1527 audita
557 1475 651 1542 erant,
674 1470 806 1528 Gallaeci
822 1486 994 1542 cognomen

47 1550 131 1609 eruit.
166 1549 204 1609 Et
222 1558 291 1609 ante
313 1567 382 1610 eum
398 1552 504 1622 paucis
521 1552 607 1610 annis
626 1559 687 1611 tam
708 1567 848 1610 severum
863 1551 943 1612 illius
959 1553 1028 1626 Qu

48 1632 208 1690 acedonici
221 1633 253 1689 in
266 1632 315 1689 his
331 1633 471 1704 gentibus
486 1634 647 1705 imperinm
667 1633 735 1705 luit,
758 1642 790 1693 ut
805 1650 872 1694 cum
887 1634 994 1695 urbem

17 1710 208 1774 Contrebiam
224 1715 346 1772 nomine
360 1715 390 1772 in
405 1715 552 1788 Hispania
567 1724 766 1790 oppugnaret,
782 1719 888 1791 pulsas
903 1734 993 1792 prae-

17 1797 98 1871 cipiti
118 1799 188 1857 loco
211 1798 346 1871 quinque
366 1797 499 1857 cohortis
520 1799 702 1873 legionarias
724 1801 833 1861 eodem
853 1801 993 1875 protinus

36 1881 118 1940 ubire
139 1880 272 1952 iuberet,
294 1881 538 1955 facientibusque
556 1884 696 1943 omnibus
718 1883 748 1941 in
768 1883 929 1958 procinctu
948 1892 993 1944 te-

35 1970 177 2037 tamenta,
193 1966 278 2023 velut
291 1964 331 2022 ad
343 1973 456 2025 certam
469 1971 599 2025 mortem
610 1966 745 2025 eundum
755 1969 849 2039 soret,
865 1984 927 2027 non
940 1967 992 2026 de-

29 2047 310 2121 enims-proposito
327 2048 569 2120 [perseverantia
584 2047 693 2118 ducisi,
710 2064 800 2120 quem
814 2049 994 2107 moriturum

46 2130 138 2188 iserat
158 2131 281 2188 militem
300 2129 448 2186 victorem
466 2127 598 2198 recepit:
618 2135 734 2185 tantum
755 2129 856 2187 effecit
880 2131 994 2189 mixtu's

28 2211 113 2272 imori
129 2213 229 2284 pudor
251 2224 388 2282 spesque
403 2209 617 2282 desperatione
633 2212 780 2282 quaesita.
811 2208 869 2269 llic
884 2212 995 2272 virtute

37 2311 52 2352 c
74 2293 236 2351 severitate
259 2291 344 2362 facti,
367 2298 397 2350 at
409 2291 522 2351 Fabius
536 2291 724 2353 Aemilianus
744 2293 830 2353 Pauli
850 2296 994 2368 exemplo

17 2375 198 2448 disciplinae
212 2375 242 2431 in
256 2375 404 2447 Hispania
421 2375 476 2434 luit
491 2375 686 2436 clarissimus

10 2500 12 2505 .
99 2458 161 2514 vt..
196 2457 308 2516 Decem
324 2457 434 2516 deinde
449 2458 638 2531 interpositis
653 2459 755 2531 annis,
773 2459 824 2533 qui
838 2459 881 2518 Ti.
899 2461 1025 2520 Grac-1

18 2541 115 2612 chum,
128 2540 210 2599 idem
222 2540 329 2598 Gaium
341 2540 463 2598 fratrem
474 2540 539 2598 eius
553 2541 714 2613 occupavit
725 2542 817 2613 furor,
828 2548 890 2600 tam
900 2543 993 2603 virtu-

18 2625 95 2684 tibus
107 2623 174 2683 eius
182 2623 332 2696 omnibus²
342 2639 432 2696 quam
444 2622 514 2681 huic
522 2623 617 2681 errori
629 2621 780 2681 similem
758 2623 933 2696 ,ingenioet
935 2626 994 2684 iam

10 2706 252 2802 eloquentiaque
276 2708 368 2779 longe
392 2706 653 2780 praestantiorem
699 2706 755 2779 Qui
781 2721 850 2764 cum
876 2717 1027 2768 summan

10 2776 118 2877 iquiete
134 2789 226 2850 animi
240 2789 370 2848 civitatis
387 2790 532 2863 princeps
548 2805 619 2848 esse
634 2796 758 2863 posset,
772 2791 822 2848 vel
836 2789 993 2850 vindican-

10 2862 75 2937 ldae
96 2876 248 2933 heternae
273 2871 379 2932 mortis
403 2879 471 2946 grat
472 2874 500 2931 ia
460 2873 574 2931 tvel
600 2872 857 2947 praemuniendae
881 2876 994 2948 regalis

10 2950 170 3031 ¹'potentiae
191 2957 329 3015 eiusdem
350 2958 481 3030 exempli
503 2957 711 3016 tribunatum
703 2973 876 3031 mgressus,
901 2959 994 3031 longe

19 3042 132 3100 maiora
146 3048 176 3099 et
190 3041 310 3100 acriora
324 3048 483 3114 repetens,
506 3040 598 3099 dabat
612 3040 764 3100 civitatem
779 3041 920 3099 omnibus
935 3041 993 3097 Ita·

19 3123 92 3196 licis,
108 3124 292 3183 extendebat
280 3130 369 3182 team
381 3139 480 3197 paene
494 3139 595 3196 usque
609 3124 708 3196 Alpis
725 3123 880 3181 dividebat
891 3135 992 3194 agree,

18 3207 138 3266 vetabat
157 3223 342 3281 quemquam
364 3207 462 3264 civem
480 3207 549 3279 plus
571 3204 744 3278 quingentis
764 3202 919 3277 iugeribus
939 3203 994 3264 ha·

17 3289 98 3364 bere,
115 3291 199 3364 quod
211 3289 375 3363 aliquando
390 3290 458 3362 lege
469 3289 585 3347 Licinia
600 3293 720 3346 cautum
735 3293 808 3360 erat,
824 3303 905 3347 nova
919 3303 994 3349 con·

16 3373 158 3434 stituebet
171 3372 321 3448 portoria,
339 3372 428 3431 novis
439 3373 573 3431 coloniis
588 3372 725 3446 replebat
740 3371 928 3446 provinciaS,
948 3373 993 3433 iu-

15 3457 96 3516 dicia
110 3472 129 3514 a
144 3464 252 3517 senatu
266 3456 469 3516 transferebat
489 3456 529 3513 ad
550 3456 683 3529 equites,
706 3458 887 3514 frumentum
910 3457 993 3530 plebi

15 3539 80 3599 dari
101 3539 284 3612 instituerat,
307 3540 379 3598 nihil
400 3540 568 3613 immotum,
594 3539 668 3598 nihil
687 3539 897 3613 tranquillum,
920 3539 993 3597 nihil

13 3624 166 3698 quietum,
187 3626 262 3682 nihil
276 3623 408 3696 denique
423 3624 454 3681 in
468 3624 578 3682 eodem
593 3629 673 3683 statu
686 3622 894 3699 relinquebam
917 3621 995 3694 quin

55 3706 179 3764 Vatum.
194 3705 322 3764 Pareae.
807 3714 827 3764 2
