2422 4200
198 381 240 444 90
470 378 511 438 Μ.
530 378 672 438 VELLEI
694 372 908 438 PATERCULI

197 534 352 594 resolutus
375 528 460 591 inilia
475 530 621 604 Pompeio
639 528 835 604 Apuleioque
854 529 1034 590 consulibus
1057 544 1103 603 sep

197 615 316 690 gesimo
335 623 424 676 sexto
441 630 521 674 anno
541 614 671 672 animam
687 613 853 672 coelestem
869 615 956 674 coelo
973 611 1103 672 reddidit

166 714 181 766 1
282 699 411 759 CXXIV.
436 697 514 771 Quid
529 704 600 757 tunc
616 694 756 756 homines
771 695 939 770 timuerint,
956 710 1036 771 quac
1055 710 1103 757 ser

196 781 376 858 trepidatio,
399 796 479 857 quae
501 778 608 855 populi
630 778 787 853 conlusio,
812 779 883 854 quis
905 782 989 841 orbis
1007 787 1103 840 metus

198 883 290 943 quam
304 874 370 926 arto
387 863 494 925 salutis
510 862 646 939 exitique
662 861 808 923 fuerimus
824 863 974 938 confinio,
990 878 1094 939 neque

196 959 258 1012 tam
281 949 435 1010 festinanti
457 947 630 1023 exprimere
652 954 741 1007 vacat
759 962 861 1023 neque
883 946 932 1007 cui
955 955 1044 1008 vacat
1062 962 1102 1024 po

197 1036 229 1093 id
246 1034 347 1093 solum
363 1048 443 1092 uoce
463 1030 588 1105 publica
610 1028 728 1090 dixisse
752 1029 828 1092 satis
849 1030 964 1091 habeo=
986 1031 1075 1093 cuius
1097 1048 1103 1090 t

196 1115 315 1177 ruinam
331 1113 537 1187 timueramus,
554 1130 623 1174 eum
635 1131 674 1173 ne
687 1122 871 1175 commotum
886 1114 1011 1190 quidem
1027 1116 1103 1176 sens?

195 1206 342 1272 tantaque
354 1198 446 1259 unius
460 1196 517 1258 viri
528 1196 673 1258 maiestas
687 1197 751 1269 luit,
768 1206 801 1260 ut
815 1214 873 1258 nec
889 1198 979 1259 bonis
994 1210 1095 1274 neque

162 1291 181 1342 ἢ
197 1291 242 1345 tra
257 1284 355 1343 malos
371 1296 450 1358 opus
468 1280 561 1342 armis
578 1281 666 1342 loret.
688 1282 756 1342 Una
771 1289 872 1342 tamen
889 1281 982 1342 veluti
999 1284 1100 1344 luctati

195 1367 298 1428 vitatis
325 1365 395 1438 luit,
422 1364 587 1441 pugnantis
611 1380 680 1425 cum
702 1366 834 1426 Caesare
860 1375 986 1427 senatus
1012 1367 1103 1442 popul

195 1449 342 1523 Romani,
357 1458 390 1511 ul
405 1449 528 1510 stationi
544 1457 689 1524 paternae
704 1451 901 1525 succederet,
915 1448 1014 1526 itlius,
1031 1458 1062 1510 ul
1074 1466 1103 1525 pt

197 1535 359 1608 aequalem
369 1532 469 1593 civem
482 1551 573 1609 quam
581 1532 762 1594 eminentem
774 1532 879 1595 liceret
890 1550 982 1610 agere
993 1531 1103 1609 prlucip

197 1618 321 1678 tandem
335 1616 434 1692 magis
448 1619 567 1678 ratione
583 1632 675 1692 quam
689 1617 808 1678 honore
823 1616 922 1679 victus
938 1625 995 1690 est,
1011 1632 1080 1678 cum
1095 1634 1103 1674 t

198 1699 272 1774 quid
288 1699 436 1760 tuendum
454 1715 516 1760 non
537 1700 745 1775 suscepisset,
771 1701 938 1775 periturum
953 1700 1087 1773 videret,

197 1798 258 1856 que
282 1780 354 1840 huic
381 1780 508 1856 contigit
532 1798 631 1857 paene
657 1782 770 1842 diutius
795 1800 940 1844 recusare
968 1784 1103 1859 principa

163 1875 181 1928 3
197 1880 303 1940 quam,
322 1872 356 1924 ut
371 1873 559 1939 occuparent
573 1880 658 1936 eum,
681 1862 733 1922 alii
748 1865 841 1925 armis
859 1875 1083 1941 pugnaverant.

195 1947 348 2008 redditum
359 1949 448 2008 coelo
464 1955 582 2022 patrem
597 1954 626 2007 et
638 1962 751 2022 corpus
765 1948 832 2007 eius
846 1948 988 2008 humanis
1002 1949 1103 2010 honor

197 2048 310 2092 numen
322 2030 435 2091 divinis
451 2031 632 2092 honoratum
647 2030 776 2105 primum
793 2031 1008 2107 principalium
1025 2033 1094 2093 eius

194 2132 262 2176 rum
279 2114 335 2176 luit
351 2113 500 2176 ordinatio
517 2114 723 2188 comitiorum,
748 2131 840 2191 quam
854 2132 946 2174 manu
961 2131 1019 2174 sua
1038 2116 1103 2190 scri

164 2199 286 2262 tdivus
302 2194 461 2273 Augustus
483 2199 659 2274 reliquerat.
690 2197 756 2272 Quo
777 2207 916 2274 tempore
939 2197 1013 2257 mihi
1038 2199 1103 2260 lralr

196 2299 281 2352 meo,
305 2281 477 2341 candidatis
494 2281 650 2355 Caesaris,
675 2281 815 2356 proxime
830 2296 849 2341 a
864 2281 1067 2343 nobilissimis
1083 2300 1103 2342 a

196 2363 405 2424 cerdotalibus
420 2362 494 2423 viris
517 2363 665 2425 destinari
688 2364 882 2439 praetoribus
905 2364 1051 2440 contigit,
1074 2382 1103 2427 ct

196 2447 284 2520 cutis
300 2455 334 2507 ut
348 2464 450 2522 neque
469 2456 541 2522 post
554 2463 613 2509 nos
630 2464 815 2524 quemquam
830 2448 921 2509 divus
936 2450 1097 2522 Augustus

197 2548 258 2607 que
273 2538 345 2591 ante
361 2547 419 2591 nos
436 2531 550 2592 Caesar
568 2532 799 2594 commendaret
813 2531 962 2593 Tiberius.

165 2624 179 2676 1
281 2616 395 2676 CXXV.
425 2615 504 2676 Tulit
523 2614 665 2690 protinus
683 2622 713 2676 et
729 2616 792 2675 voti
811 2625 841 2677 et
856 2616 966 2677 consili
988 2616 1035 2676 sui
1053 2632 1103 2691 pre

194 2699 371 2774 respublica
386 2714 487 2773 neque
503 2698 555 2758 diu
571 2698 657 2758 latuit
671 2707 724 2759 aut
735 2699 810 2773 quid
825 2715 885 2759 non
901 2699 1091 2774 impetrando

163 2791 180 2841 2
195 2782 258 2842 suri
266 2781 442 2853 fuissemus,
451 2789 504 2841 aul
512 2781 584 2857 quid
593 2781 784 2856 impetrando
793 2782 1046 2856 profecissemus.
1060 2782 1103 2857 Qu

195 2864 366 2938 exercitus,
392 2864 491 2940 quiin
508 2864 671 2925 Germania
690 2863 838 2926 militabat
854 2868 1094 2942 praesentisque

194 2946 305 3007 manici
329 2946 458 3021 imperio
480 2948 657 3023 regebatur,
686 2948 839 3023 simulque
863 2950 1019 3024 legiones,
1049 2966 1103 3027 qua

193 3030 316 3108 Illyrico
339 3039 440 3103 arant,
464 3030 549 3093 rabie
575 3032 706 3107 quadam
734 3040 765 3092 et
789 3032 945 3108 profunda
971 3036 1103 3095 conlunc'

194 3115 296 3176 omnia
311 3113 478 3190 cupiditate
498 3132 613 3177 novum
634 3116 759 3187 ducem,
783 3132 898 3177 novum
919 3125 1049 3191 statum,
1071 3134 1103 3179 nt

194 3199 385 3271 quaerebant
405 3200 642 3275 rempublicam
670 3199 744 3275 quin
769 3200 860 3262 etiam
885 3201 952 3261 ausi
977 3210 1103 3279 suntm

194 3281 320 3341 daturos
337 3284 466 3355 senatui,
484 3286 610 3345 daturos
628 3283 760 3360 principi
775 3286 876 3360 leges3
895 3287 1021 3345 modum
1038 3286 1101 3362 stip

193 3363 285 3422 finem
306 3363 429 3425 militiae
448 3366 507 3426 sibi
530 3366 592 3441 ipsi
614 3368 800 3429 constituere
821 3368 923 3430 conati
945 3378 1032 3441 sunt;
1056 3386 1103 3445 prr

194 3460 262 3504 sum
284 3446 375 3506 etiam
396 3446 427 3506 in
449 3464 534 3507 arma
555 3452 730 3526 ferrumque
752 3450 889 3513 strictum
913 3460 961 3512 est
982 3461 1012 3512 ct
1035 3470 1103 3528 puel

191 3527 330 3588 ultimum
345 3530 516 3604 gladiorum
531 3532 632 3608 erupit
647 3533 812 3610 impunitas
828 3534 986 3611 debuitque
1005 3537 1059 3610 qui
1076 3554 1103 3597 cc

160 3612 413 3688 ¹trampublicam
435 3615 578 3689 duceret,
603 3631 664 3677 non
688 3618 739 3692 qui
765 3628 978 3694 sequerentur.
1014 3617 1097 3687 Sed,
