<?xml version="1.0" encoding="UTF-8"?>
<!DOCTYPE html PUBLIC "-//W3C//DTD XHTML 1.0 Transitional//EN"
    "http://www.w3.org/TR/xhtml1/DTD/xhtml1-transitional.dtd">
<html xmlns="http://www.w3.org/1999/xhtml" xml:lang="en" lang="en">
 <head>
  <title>
</title>
<meta http-equiv="Content-Type" content="text/html;charset=utf-8" />
  <meta name='ocr-system' content='tesseract 3.04.00' />
  <meta name='ocr-capabilities' content='ocr_page ocr_carea ocr_par ocr_line ocrx_word'/>
</head>
<body>
  <div class='ocr_page' id='page_1' title='image "./mvelleipatercul00haasgoog/mvelleipatercul00haasgoog_0033.png"; bbox 0 0 2348 4222; ppageno 0'>
   <div class='ocr_carea' id='block_1_1' title="bbox 180 361 887 429">
    <p class='ocr_par' dir='ltr' id='par_1_1' title="bbox 180 361 887 429">
     <span class='ocr_line' id='line_1_1' title="bbox 180 361 887 429; baseline -0.004 -8"><span class='ocrx_word' id='word_1_1' title='bbox 180 367 222 429; x_wconf 82' lang='lat'>16</span> <span class='ocrx_word' id='word_1_2' title='bbox 457 364 498 421; x_wconf 83' lang='lat' dir='ltr'>M.</span> <span class='ocrx_word' id='word_1_3' title='bbox 515 362 657 421; x_wconf 84' lang='lat' dir='ltr'>VELLEl</span> <span class='ocrx_word' id='word_1_4' title='bbox 670 361 887 421; x_wconf 82' lang='lat' dir='ltr'><strong>PATERCULI</strong></span> 
     </span>
    </p>
   </div>
   <div class='ocr_carea' id='block_1_2' title="bbox 151 509 1172 3431">
    <p class='ocr_par' dir='ltr' id='par_1_2' title="bbox 179 509 1159 743">
     <span class='ocr_line' id='line_1_2' title="bbox 179 509 1157 586; baseline -0.004 -11"><span class='ocrx_word' id='word_1_5' title='bbox 179 514 277 575; x_wconf 90' lang='lat' dir='ltr'>civilis</span> <span class='ocrx_word' id='word_1_6' title='bbox 293 512 450 586; x_wconf 90' lang='lat' dir='ltr'>sanguinis</span> <span class='ocrx_word' id='word_1_7' title='bbox 465 511 700 585; x_wconf 80' lang='lat' dir='ltr'>gladiorumque</span> <span class='ocrx_word' id='word_1_8' title='bbox 712 509 898 585; x_wconf 90' lang='lat' dir='ltr'>impunitatis</span> <span class='ocrx_word' id='word_1_9' title='bbox 907 511 974 570; x_wconf 84' lang='lat' dir='ltr'>luit:</span> <span class='ocrx_word' id='word_1_10' title='bbox 986 512 1056 571; x_wconf 92' lang='lat' dir='ltr'>inde</span> <span class='ocrx_word' id='word_1_11' title='bbox 1072 509 1157 571; x_wconf 90' lang='lat' dir='ltr'>iusvi</span> 
     </span>
     <span class='ocr_line' id='line_1_3' title="bbox 180 593 1158 671; baseline -0.007 -12"><span class='ocrx_word' id='word_1_12' title='bbox 180 601 321 660; x_wconf 89' lang='lat' dir='ltr'>obrutum</span> <span class='ocrx_word' id='word_1_13' title='bbox 336 595 550 671; x_wconf 88' lang='lat' dir='ltr'>potentiorque</span> <span class='ocrx_word' id='word_1_14' title='bbox 564 593 686 653; x_wconf 89' lang='lat' dir='ltr'>habitus</span> <span class='ocrx_word' id='word_1_15' title='bbox 702 595 785 667; x_wconf 90' lang='lat' dir='ltr'>prior</span> <span class='ocrx_word' id='word_1_16' title='bbox 800 593 1035 669; x_wconf 82' lang='lat' dir='ltr'>discordiaeque</span> <span class='ocrx_word' id='word_1_17' title='bbox 1047 594 1158 654; x_wconf 90' lang='lat' dir='ltr'>civium</span> 
     </span>
     <span class='ocr_line' id='line_1_4' title="bbox 180 678 1159 743; baseline -0.008 -1"><span class='ocrx_word' id='word_1_18' title='bbox 180 690 269 743; x_wconf 89' lang='lat' dir='ltr'>antea</span> <span class='ocrx_word' id='word_1_19' title='bbox 286 679 517 739; x_wconf 81' lang='lat' dir='ltr'>condicionibus</span> <span class='ocrx_word' id='word_1_20' title='bbox 533 678 634 736; x_wconf 84' lang='lat' dir='ltr'>sanari</span> <span class='ocrx_word' id='word_1_21' title='bbox 649 678 757 736; x_wconf 89' lang='lat' dir='ltr'>solitae</span> <span class='ocrx_word' id='word_1_22' title='bbox 773 680 854 738; x_wconf 89' lang='lat' dir='ltr'>lerro</span> <span class='ocrx_word' id='word_1_23' title='bbox 870 678 1050 737; x_wconf 90' lang='lat' dir='ltr'>diiudicatae</span> <span class='ocrx_word' id='word_1_24' title='bbox 1065 679 1159 737; x_wconf 87' lang='lat' dir='ltr'>hella-</span> 
     </span>
    </p>

    <p class='ocr_par' dir='ltr' id='par_1_3' title="bbox 151 762 1170 1257">
     <span class='ocr_line' id='line_1_5' title="bbox 151 762 1161 847; baseline -0.006 -22"><span class='ocrx_word' id='word_1_25' title='bbox 151 782 241 847; x_wconf 78' lang='lat' dir='ltr'>4que</span> <span class='ocrx_word' id='word_1_26' title='bbox 256 781 317 824; x_wconf 92' lang='lat' dir='ltr'>non</span> <span class='ocrx_word' id='word_1_27' title='bbox 334 764 435 823; x_wconf 91' lang='lat' dir='ltr'>causis</span> <span class='ocrx_word' id='word_1_28' title='bbox 458 764 531 823; x_wconf 88' lang='lat' dir='ltr'>inita</span> <span class='ocrx_word' id='word_1_29' title='bbox 545 762 602 820; x_wconf 90' lang='lat' dir='ltr'>sed</span> <span class='ocrx_word' id='word_1_30' title='bbox 617 767 707 835; x_wconf 92' lang='lat' dir='ltr'>prout</span> <span class='ocrx_word' id='word_1_31' title='bbox 722 777 827 821; x_wconf 88' lang='lat' dir='ltr'>eorum</span> <span class='ocrx_word' id='word_1_32' title='bbox 842 777 961 820; x_wconf 89' lang='lat' dir='ltr'>meroes</span> <span class='ocrx_word' id='word_1_33' title='bbox 976 762 1040 820; x_wconf 88' lang='lat' dir='ltr'>luit.</span> <span class='ocrx_word' id='word_1_34' title='bbox 1072 762 1161 834; x_wconf 78' lang='lat' dir='ltr'>Quod</span> 
     </span>
     <span class='ocr_line' id='line_1_6' title="bbox 180 844 1170 919; baseline -0.007 -10"><span class='ocrx_word' id='word_1_35' title='bbox 180 849 263 909; x_wconf 87' lang='lat' dir='ltr'>haud</span> <span class='ocrx_word' id='word_1_36' title='bbox 278 849 385 907; x_wconf 90' lang='lat' dir='ltr'>mirum</span> <span class='ocrx_word' id='word_1_37' title='bbox 401 853 464 914; x_wconf 88' lang='lat' dir='ltr'>est;</span> <span class='ocrx_word' id='word_1_38' title='bbox 488 862 549 905; x_wconf 93' lang='lat' dir='ltr'>non</span> <span class='ocrx_word' id='word_1_39' title='bbox 569 846 648 905; x_wconf 91' lang='lat' dir='ltr'>enim</span> <span class='ocrx_word' id='word_1_40' title='bbox 665 844 707 904; x_wconf 91' lang='lat' dir='ltr'>ibi</span> <span class='ocrx_word' id='word_1_41' title='bbox 722 845 892 906; x_wconf 90' lang='lat' dir='ltr'>consistunt</span> <span class='ocrx_word' id='word_1_42' title='bbox 906 846 1062 919; x_wconf 84' lang='lat' dir='ltr'>exempla,</span> <span class='ocrx_word' id='word_1_43' title='bbox 1077 844 1170 904; x_wconf 89' lang='lat' dir='ltr'>unde&#39;</span> 
     </span>
     <span class='ocr_line' id='line_1_7' title="bbox 181 928 1159 1006; baseline -0.006 -14"><span class='ocrx_word' id='word_1_44' title='bbox 181 939 363 1006; x_wconf 87' lang='lat' dir='ltr'>coeperunt,</span> <span class='ocrx_word' id='word_1_45' title='bbox 387 931 442 989; x_wconf 93' lang='lat' dir='ltr'>sed</span> <span class='ocrx_word' id='word_1_46' title='bbox 465 930 630 1002; x_wconf 77' lang='lat' dir='ltr'>quamlibet</span> <span class='ocrx_word' id='word_1_47' title='bbox 640 928 672 987; x_wconf 94' lang='lat' dir='ltr'>in</span> <span class='ocrx_word' id='word_1_48' title='bbox 685 936 807 989; x_wconf 87' lang='lat' dir='ltr'>tenuem</span> <span class='ocrx_word' id='word_1_49' title='bbox 821 936 945 1003; x_wconf 86' lang='lat' dir='ltr'>recepta</span> <span class='ocrx_word' id='word_1_50' title='bbox 955 928 1105 988; x_wconf 79' lang='lat' dir='ltr'>tramitem</span> <span class='ocrx_word' id='word_1_51' title='bbox 1120 929 1159 987; x_wconf 89' lang='lat' dir='ltr'>la·</span> 
     </span>
     <span class='ocr_line' id='line_1_8' title="bbox 180 1013 1159 1086; baseline -0.003 -10"><span class='ocrx_word' id='word_1_52' title='bbox 180 1016 298 1076; x_wconf 89' lang='lat' dir='ltr'>tissime</span> <span class='ocrx_word' id='word_1_53' title='bbox 313 1014 464 1086; x_wconf 88' lang='lat' dir='ltr'>evagandi</span> <span class='ocrx_word' id='word_1_54' title='bbox 489 1013 547 1072; x_wconf 90' lang='lat' dir='ltr'>sibi</span> <span class='ocrx_word' id='word_1_55' title='bbox 568 1014 648 1070; x_wconf 89' lang='lat' dir='ltr'>viam</span> <span class='ocrx_word' id='word_1_56' title='bbox 677 1013 791 1072; x_wconf 87' lang='lat' dir='ltr'>laclunt</span> <span class='ocrx_word' id='word_1_57' title='bbox 819 1020 849 1071; x_wconf 86' lang='lat' dir='ltr'>et</span> <span class='ocrx_word' id='word_1_58' title='bbox 877 1013 929 1072; x_wconf 91' lang='lat' dir='ltr'>ubi</span> <span class='ocrx_word' id='word_1_59' title='bbox 957 1014 1053 1071; x_wconf 90' lang='lat' dir='ltr'>semel</span> <span class='ocrx_word' id='word_1_60' title='bbox 1077 1019 1159 1073; x_wconf 91' lang='lat' dir='ltr'>recto</span> 
     </span>
     <span class='ocr_line' id='line_1_9' title="bbox 181 1096 1158 1172; baseline -0.005 -14"><span class='ocrx_word' id='word_1_61' title='bbox 181 1100 353 1158; x_wconf 88' lang='lat' dir='ltr'>deerratum</span> <span class='ocrx_word' id='word_1_62' title='bbox 369 1105 425 1169; x_wconf 90' lang='lat' dir='ltr'>est,</span> <span class='ocrx_word' id='word_1_63' title='bbox 447 1096 478 1154; x_wconf 92' lang='lat' dir='ltr'>in</span> <span class='ocrx_word' id='word_1_64' title='bbox 493 1110 645 1170; x_wconf 84' lang='lat' dir='ltr'>praeceps</span> <span class='ocrx_word' id='word_1_65' title='bbox 661 1096 838 1171; x_wconf 88' lang='lat' dir='ltr'>pervenitur</span> <span class='ocrx_word' id='word_1_66' title='bbox 852 1112 909 1155; x_wconf 90' lang='lat' dir='ltr'>neo</span> <span class='ocrx_word' id='word_1_67' title='bbox 925 1097 1090 1172; x_wconf 88' lang='lat' dir='ltr'>quisquam</span> <span class='ocrx_word' id='word_1_68' title='bbox 1105 1096 1158 1155; x_wconf 90' lang='lat' dir='ltr'>sibi</span> 
     </span>
     <span class='ocr_line' id='line_1_10' title="bbox 182 1179 831 1257; baseline -0.008 -16"><span class='ocrx_word' id='word_1_69' title='bbox 182 1188 268 1257; x_wconf 88' lang='lat' dir='ltr'>putat</span> <span class='ocrx_word' id='word_1_70' title='bbox 281 1189 380 1254; x_wconf 84' lang='lat' dir='ltr'>turpe,</span> <span class='ocrx_word' id='word_1_71' title='bbox 397 1180 480 1254; x_wconf 93' lang='lat' dir='ltr'>quod</span> <span class='ocrx_word' id='word_1_72' title='bbox 495 1180 544 1237; x_wconf 92' lang='lat' dir='ltr'>alii</span> <span class='ocrx_word' id='word_1_73' title='bbox 561 1179 617 1238; x_wconf 91' lang='lat' dir='ltr'>luit</span> <span class='ocrx_word' id='word_1_74' title='bbox 632 1181 831 1239; x_wconf 82' lang='lat' dir='ltr'>fructuosum.</span> 
     </span>
    </p>

    <p class='ocr_par' dir='ltr' id='par_1_4' title="bbox 153 1262 1161 1836">
     <span class='ocr_line' id='line_1_11' title="bbox 153 1262 1159 1337; baseline 0 -16"><span class='ocrx_word' id='word_1_75' title='bbox 153 1287 168 1337; x_wconf 86' lang='lat'>1</span> <span class='ocrx_word' id='word_1_76' title='bbox 266 1265 317 1322; x_wconf 92' lang='lat' dir='ltr'>lV.</span> <span class='ocrx_word' id='word_1_77' title='bbox 362 1264 483 1324; x_wconf 87' lang='lat' dir='ltr'>Interim</span> <span class='ocrx_word' id='word_1_78' title='bbox 498 1263 571 1322; x_wconf 92' lang='lat' dir='ltr'>dum</span> <span class='ocrx_word' id='word_1_79' title='bbox 585 1264 662 1322; x_wconf 92' lang='lat' dir='ltr'>haec</span> <span class='ocrx_word' id='word_1_80' title='bbox 680 1264 710 1321; x_wconf 92' lang='lat' dir='ltr'>in</span> <span class='ocrx_word' id='word_1_81' title='bbox 728 1264 813 1322; x_wconf 84' lang='lat' dir='ltr'>ltalia</span> <span class='ocrx_word' id='word_1_82' title='bbox 833 1270 992 1335; x_wconf 89' lang='lat' dir='ltr'>geruntur,</span> <span class='ocrx_word' id='word_1_83' title='bbox 1012 1262 1159 1322; x_wconf 83' lang='lat' dir='ltr'>Aristoni·</span> 
     </span>
     <span class='ocr_line' id='line_1_12' title="bbox 183 1345 1160 1421; baseline -0.005 -13"><span class='ocrx_word' id='word_1_84' title='bbox 183 1365 248 1421; x_wconf 93' lang='lat' dir='ltr'>cus,</span> <span class='ocrx_word' id='word_1_85' title='bbox 272 1349 324 1420; x_wconf 90' lang='lat' dir='ltr'>qui</span> <span class='ocrx_word' id='word_1_86' title='bbox 338 1355 457 1407; x_wconf 90' lang='lat' dir='ltr'>mortuo</span> <span class='ocrx_word' id='word_1_87' title='bbox 472 1362 546 1420; x_wconf 85' lang='lat' dir='ltr'>rege</span> <span class='ocrx_word' id='word_1_88' title='bbox 557 1348 674 1418; x_wconf 86' lang='lat' dir='ltr'>Attalo,</span> <span class='ocrx_word' id='word_1_89' title='bbox 694 1363 712 1404; x_wconf 94' lang='lat' dir='ltr'>a</span> <span class='ocrx_word' id='word_1_90' title='bbox 727 1363 789 1421; x_wconf 94' lang='lat' dir='ltr'>quo</span> <span class='ocrx_word' id='word_1_91' title='bbox 804 1345 880 1404; x_wconf 90' lang='lat' dir='ltr'>Asia</span> <span class='ocrx_word' id='word_1_92' title='bbox 894 1347 1010 1421; x_wconf 90' lang='lat' dir='ltr'>populo</span> <span class='ocrx_word' id='word_1_93' title='bbox 1025 1345 1160 1405; x_wconf 90' lang='lat' dir='ltr'>Romano</span> 
     </span>
     <span class='ocr_line' id='line_1_13' title="bbox 182 1428 1160 1504; baseline -0.003 -14"><span class='ocrx_word' id='word_1_94' title='bbox 182 1432 351 1491; x_wconf 89' lang='lat' dir='ltr'>hereditate</span> <span class='ocrx_word' id='word_1_95' title='bbox 365 1431 470 1490; x_wconf 90' lang='lat' dir='ltr'>relicta</span> <span class='ocrx_word' id='word_1_96' title='bbox 484 1438 557 1504; x_wconf 89' lang='lat' dir='ltr'>erat,</span> <span class='ocrx_word' id='word_1_97' title='bbox 574 1431 654 1489; x_wconf 88' lang='lat' dir='ltr'>sicut</span> <span class='ocrx_word' id='word_1_98' title='bbox 667 1429 772 1489; x_wconf 90' lang='lat' dir='ltr'>relicta</span> <span class='ocrx_word' id='word_1_99' title='bbox 787 1436 897 1503; x_wconf 89' lang='lat' dir='ltr'>postea</span> <span class='ocrx_word' id='word_1_100' title='bbox 912 1438 959 1488; x_wconf 89' lang='lat' dir='ltr'>est</span> <span class='ocrx_word' id='word_1_101' title='bbox 973 1428 1160 1488; x_wconf 86' lang='lat' dir='ltr'>aNicomede</span> 
     </span>
     <span class='ocr_line' id='line_1_14' title="bbox 181 1512 1159 1591; baseline -0.002 -17"><span class='ocrx_word' id='word_1_102' title='bbox 181 1515 335 1591; x_wconf 84' lang='lat' dir='ltr'>Bithynia,</span> <span class='ocrx_word' id='word_1_103' title='bbox 350 1515 492 1574; x_wconf 87' lang='lat' dir='ltr'>mentitus</span> <span class='ocrx_word' id='word_1_104' title='bbox 511 1514 614 1588; x_wconf 86' lang='lat' dir='ltr'>regiae</span> <span class='ocrx_word' id='word_1_105' title='bbox 629 1513 733 1586; x_wconf 86' lang='lat' dir='ltr'>stirpis</span> <span class='ocrx_word' id='word_1_106' title='bbox 749 1512 904 1587; x_wconf 84' lang='lat' dir='ltr'>originem,</span> <span class='ocrx_word' id='word_1_107' title='bbox 920 1513 1013 1572; x_wconf 91' lang='lat' dir='ltr'>armis</span> <span class='ocrx_word' id='word_1_108' title='bbox 1029 1528 1098 1572; x_wconf 90' lang='lat' dir='ltr'>eam</span> <span class='ocrx_word' id='word_1_109' title='bbox 1113 1526 1159 1572; x_wconf 91' lang='lat' dir='ltr'>oc-</span> 
     </span>
     <span class='ocr_line' id='line_1_15' title="bbox 183 1594 1161 1672; baseline -0.004 -15"><span class='ocrx_word' id='word_1_110' title='bbox 183 1606 363 1672; x_wconf 87' lang='lat' dir='ltr'>cupaverat,</span> <span class='ocrx_word' id='word_1_111' title='bbox 394 1599 420 1658; x_wconf 93' lang='lat' dir='ltr'>is</span> <span class='ocrx_word' id='word_1_112' title='bbox 451 1599 549 1657; x_wconf 88' lang='lat' dir='ltr'>victus</span> <span class='ocrx_word' id='word_1_113' title='bbox 581 1596 659 1655; x_wconf 86' lang='lat' dir='ltr'>ald.</span> <span class='ocrx_word' id='word_1_114' title='bbox 684 1596 841 1670; x_wconf 87' lang='lat' dir='ltr'>Perperna</span> <span class='ocrx_word' id='word_1_115' title='bbox 865 1596 1039 1670; x_wconf 91' lang='lat' dir='ltr'>ductusque</span> <span class='ocrx_word' id='word_1_116' title='bbox 1057 1594 1088 1655; x_wconf 94' lang='lat' dir='ltr'>in</span> <span class='ocrx_word' id='word_1_117' title='bbox 1113 1595 1161 1654; x_wconf 88' lang='lat' dir='ltr'>tri-</span> 
     </span>
     <span class='ocr_line' id='line_1_16' title="bbox 183 1679 1160 1754; baseline -0.002 -15"><span class='ocrx_word' id='word_1_118' title='bbox 183 1681 308 1753; x_wconf 92' lang='lat' dir='ltr'>umpho,</span> <span class='ocrx_word' id='word_1_119' title='bbox 327 1681 384 1738; x_wconf 88' lang='lat' dir='ltr'>sed</span> <span class='ocrx_word' id='word_1_120' title='bbox 399 1698 417 1738; x_wconf 93' lang='lat' dir='ltr'>a</span> <span class='ocrx_word' id='word_1_121' title='bbox 431 1681 481 1739; x_wconf 87' lang='grc' dir='ltr'>Μ’.</span> <span class='ocrx_word' id='word_1_122' title='bbox 494 1679 629 1754; x_wconf 90' lang='lat' dir='ltr'>Aquilio,</span> <span class='ocrx_word' id='word_1_123' title='bbox 645 1679 745 1754; x_wconf 89' lang='lat' dir='ltr'>capite</span> <span class='ocrx_word' id='word_1_124' title='bbox 760 1695 877 1753; x_wconf 89' lang='lat' dir='ltr'>poenas</span> <span class='ocrx_word' id='word_1_125' title='bbox 890 1680 982 1750; x_wconf 89' lang='lat' dir='ltr'>dedit,</span> <span class='ocrx_word' id='word_1_126' title='bbox 996 1696 1067 1738; x_wconf 90' lang='lat' dir='ltr'>cum</span> <span class='ocrx_word' id='word_1_127' title='bbox 1081 1679 1160 1738; x_wconf 87' lang='lat' dir='ltr'>initio</span> 
     </span>
     <span class='ocr_line' id='line_1_17' title="bbox 183 1762 1160 1836; baseline -0.002 -13"><span class='ocrx_word' id='word_1_128' title='bbox 183 1763 253 1823; x_wconf 90' lang='lat' dir='ltr'>belli</span> <span class='ocrx_word' id='word_1_129' title='bbox 267 1763 410 1820; x_wconf 87' lang='lat' dir='ltr'>Crassum</span> <span class='ocrx_word' id='word_1_130' title='bbox 424 1762 615 1833; x_wconf 84' lang='lat' dir='ltr'>Mucianum,</span> <span class='ocrx_word' id='word_1_131' title='bbox 637 1762 737 1821; x_wconf 92' lang='lat' dir='ltr'>virum</span> <span class='ocrx_word' id='word_1_132' title='bbox 758 1763 831 1821; x_wconf 90' lang='lat' dir='ltr'>iuris</span> <span class='ocrx_word' id='word_1_133' title='bbox 846 1763 1092 1836; x_wconf 87' lang='lat' dir='ltr'>scientissimum,</span> <span class='ocrx_word' id='word_1_134' title='bbox 1113 1762 1160 1821; x_wconf 90' lang='lat' dir='ltr'>de-</span> 
     </span>
    </p>

    <p class='ocr_par' dir='ltr' id='par_1_5' title="bbox 157 1844 1163 2338">
     <span class='ocr_line' id='line_1_18' title="bbox 157 1844 1160 1918; baseline -0.006 -9"><span class='ocrx_word' id='word_1_135' title='bbox 157 1846 343 1910; x_wconf 76' lang='lat' dir='ltr'>acedentem</span> <span class='ocrx_word' id='word_1_136' title='bbox 367 1860 405 1903; x_wconf 88' lang='lat' dir='ltr'>ex</span> <span class='ocrx_word' id='word_1_137' title='bbox 427 1845 503 1904; x_wconf 90' lang='lat' dir='ltr'>Asia</span> <span class='ocrx_word' id='word_1_138' title='bbox 520 1845 736 1918; x_wconf 89' lang='lat' dir='ltr'>proconsulem</span> <span class='ocrx_word' id='word_1_139' title='bbox 750 1845 961 1906; x_wconf 89' lang='lat' dir='ltr'>interemisset.</span> <span class='ocrx_word' id='word_1_140' title='bbox 994 1846 1033 1906; x_wconf 87' lang='lat' dir='ltr'>Et</span> <span class='ocrx_word' id='word_1_141' title='bbox 1046 1846 1079 1904; x_wconf 89' lang='lat' dir='ltr'>P.</span> <span class='ocrx_word' id='word_1_142' title='bbox 1101 1844 1160 1907; x_wconf 86' lang='lat' dir='ltr'>Sei·</span> 
     </span>
     <span class='ocr_line' id='line_1_19' title="bbox 183 1928 1162 2005; baseline -0.002 -16"><span class='ocrx_word' id='word_1_143' title='bbox 183 1931 236 2005; x_wconf 90' lang='lat' dir='ltr'>pio</span> <span class='ocrx_word' id='word_1_144' title='bbox 250 1929 415 1987; x_wconf 78' lang='lat' dir='ltr'>Africanus</span> <span class='ocrx_word' id='word_1_145' title='bbox 423 1928 620 2000; x_wconf 73' lang='lat' dir='ltr'>Aemilianus</span> <span class='ocrx_word' id='word_1_146' title='bbox 637 1928 688 2001; x_wconf 92' lang='lat' dir='ltr'>qui</span> <span class='ocrx_word' id='word_1_147' title='bbox 697 1928 906 2002; x_wconf 87' lang='lat' dir='ltr'>Carthaginem</span> <span class='ocrx_word' id='word_1_148' title='bbox 918 1931 1081 2003; x_wconf 86' lang='lat' dir='ltr'>deleverat,</span> <span class='ocrx_word' id='word_1_149' title='bbox 1095 1936 1162 2004; x_wconf 90' lang='lat' dir='ltr'>post</span> 
     </span>
     <span class='ocr_line' id='line_1_20' title="bbox 183 2011 1162 2085; baseline 0 -13"><span class='ocrx_word' id='word_1_150' title='bbox 183 2021 229 2074; x_wconf 89' lang='lat' dir='ltr'>tot</span> <span class='ocrx_word' id='word_1_151' title='bbox 240 2018 384 2085; x_wconf 89' lang='lat' dir='ltr'>acceptas</span> <span class='ocrx_word' id='word_1_152' title='bbox 401 2011 781 2071; x_wconf 88' lang='lat' dir='ltr'>circaNumantiamcladis</span> <span class='ocrx_word' id='word_1_153' title='bbox 798 2021 917 2074; x_wconf 88' lang='lat' dir='ltr'>creatus</span> <span class='ocrx_word' id='word_1_154' title='bbox 933 2015 1041 2073; x_wconf 90' lang='lat' dir='ltr'>iterum</span> <span class='ocrx_word' id='word_1_155' title='bbox 1059 2013 1162 2074; x_wconf 90' lang='lat' dir='ltr'>consul</span> 
     </span>
     <span class='ocr_line' id='line_1_21' title="bbox 184 2095 1161 2172; baseline -0.001 -16"><span class='ocrx_word' id='word_1_156' title='bbox 184 2097 362 2171; x_wconf 90' lang='lat' dir='ltr'>missusque</span> <span class='ocrx_word' id='word_1_157' title='bbox 383 2095 414 2154; x_wconf 93' lang='lat' dir='ltr'>in</span> <span class='ocrx_word' id='word_1_158' title='bbox 431 2095 609 2170; x_wconf 85' lang='lat' dir='ltr'>Hispaniam</span> <span class='ocrx_word' id='word_1_159' title='bbox 632 2097 770 2155; x_wconf 90' lang='lat' dir='ltr'>lortunae</span> <span class='ocrx_word' id='word_1_160' title='bbox 790 2097 958 2171; x_wconf 88' lang='lat' dir='ltr'>virtutique</span> <span class='ocrx_word' id='word_1_161' title='bbox 975 2104 1122 2172; x_wconf 88' lang='lat' dir='ltr'>expertae</span> <span class='ocrx_word' id='word_1_162' title='bbox 1134 2098 1161 2155; x_wconf 92' lang='lat' dir='ltr'>in</span> 
     </span>
     <span class='ocr_line' id='line_1_22' title="bbox 183 2179 1161 2254; baseline 0 -15"><span class='ocrx_word' id='word_1_163' title='bbox 183 2181 290 2240; x_wconf 82' lang='lat' dir='ltr'>Africa</span> <span class='ocrx_word' id='word_1_164' title='bbox 303 2179 465 2254; x_wconf 81' lang='lat' dir='ltr'>respondit</span> <span class='ocrx_word' id='word_1_165' title='bbox 479 2179 511 2238; x_wconf 96' lang='lat' dir='ltr'>in</span> <span class='ocrx_word' id='word_1_166' title='bbox 522 2179 679 2252; x_wconf 88' lang='lat' dir='ltr'>Hispania,</span> <span class='ocrx_word' id='word_1_167' title='bbox 696 2186 727 2238; x_wconf 93' lang='lat' dir='ltr'>ct</span> <span class='ocrx_word' id='word_1_168' title='bbox 740 2180 818 2238; x_wconf 92' lang='lat' dir='ltr'>intra</span> <span class='ocrx_word' id='word_1_169' title='bbox 832 2197 943 2240; x_wconf 91' lang='lat' dir='ltr'>annum</span> <span class='ocrx_word' id='word_1_170' title='bbox 961 2197 998 2240; x_wconf 92' lang='lat' dir='ltr'>ac</span> <span class='ocrx_word' id='word_1_171' title='bbox 1012 2182 1067 2241; x_wconf 91' lang='lat' dir='ltr'>tris</span> <span class='ocrx_word' id='word_1_172' title='bbox 1083 2197 1161 2239; x_wconf 91' lang='lat' dir='ltr'>men-</span> 
     </span>
     <span class='ocr_line' id='line_1_23' title="bbox 184 2263 1163 2338; baseline -0.002 -15"><span class='ocrx_word' id='word_1_173' title='bbox 184 2265 244 2336; x_wconf 93' lang='lat' dir='ltr'>sis,</span> <span class='ocrx_word' id='word_1_174' title='bbox 268 2279 360 2335; x_wconf 87' lang='lat' dir='ltr'>quam</span> <span class='ocrx_word' id='word_1_175' title='bbox 374 2278 412 2320; x_wconf 88' lang='lat' dir='ltr'>eo</span> <span class='ocrx_word' id='word_1_176' title='bbox 427 2269 567 2333; x_wconf 87' lang='lat' dir='ltr'>venerat,</span> <span class='ocrx_word' id='word_1_177' title='bbox 583 2263 799 2323; x_wconf 87' lang='lat' dir='ltr'>circumdatam</span> <span class='ocrx_word' id='word_1_178' title='bbox 815 2265 962 2338; x_wconf 91' lang='lat' dir='ltr'>operibus</span> <span class='ocrx_word' id='word_1_179' title='bbox 976 2265 1163 2324; x_wconf 88' lang='lat' dir='ltr'>Numantiam</span> 
     </span>
    </p>

    <p class='ocr_par' dir='ltr' id='par_1_6' title="bbox 157 2344 1168 2672">
     <span class='ocr_line' id='line_1_24' title="bbox 157 2344 1165 2422; baseline 0.002 -17"><span class='ocrx_word' id='word_1_180' title='bbox 157 2360 159 2365; x_wconf 79' lang='grc'>’</span> <span class='ocrx_word' id='word_1_181' title='bbox 184 2347 387 2417; x_wconf 85' lang='lat' dir='ltr'>excisamque</span> <span class='ocrx_word' id='word_1_182' title='bbox 408 2346 552 2417; x_wconf 90' lang='lat' dir='ltr'>aequavit</span> <span class='ocrx_word' id='word_1_183' title='bbox 573 2344 651 2404; x_wconf 90' lang='lat' dir='ltr'>solo.</span> <span class='ocrx_word' id='word_1_184' title='bbox 685 2345 748 2404; x_wconf 88' lang='lat' dir='ltr'>Nec</span> <span class='ocrx_word' id='word_1_185' title='bbox 772 2348 935 2422; x_wconf 89' lang='lat' dir='ltr'>quisquam</span> <span class='ocrx_word' id='word_1_186' title='bbox 956 2348 1046 2409; x_wconf 90' lang='lat' dir='ltr'>ullius</span> <span class='ocrx_word' id='word_1_187' title='bbox 1068 2348 1165 2422; x_wconf 86' lang='lat' dir='ltr'>gentis</span> 
     </span>
     <span class='ocr_line' id='line_1_25' title="bbox 185 2427 1167 2492; baseline 0.001 -4"><span class='ocrx_word' id='word_1_188' title='bbox 185 2427 341 2488; x_wconf 90' lang='lat' dir='ltr'>hominum</span> <span class='ocrx_word' id='word_1_189' title='bbox 363 2433 432 2485; x_wconf 85' lang='lat' dir='ltr'>ante</span> <span class='ocrx_word' id='word_1_190' title='bbox 452 2442 522 2486; x_wconf 91' lang='lat' dir='ltr'>eum</span> <span class='ocrx_word' id='word_1_191' title='bbox 540 2427 669 2487; x_wconf 89' lang='lat' dir='ltr'>clariore</span> <span class='ocrx_word' id='word_1_192' title='bbox 684 2430 803 2488; x_wconf 92' lang='lat' dir='ltr'>urbium</span> <span class='ocrx_word' id='word_1_193' title='bbox 818 2432 939 2492; x_wconf 89' lang='lat' dir='ltr'>excidio</span> <span class='ocrx_word' id='word_1_194' title='bbox 953 2447 1063 2492; x_wconf 92' lang='lat' dir='ltr'>nomen</span> <span class='ocrx_word' id='word_1_195' title='bbox 1078 2448 1167 2491; x_wconf 91' lang='lat' dir='ltr'>suum</span> 
     </span>
     <span class='ocr_line' id='line_1_26' title="bbox 185 2512 1166 2590; baseline 0.005 -21"><span class='ocrx_word' id='word_1_196' title='bbox 185 2519 355 2586; x_wconf 89' lang='lat' dir='ltr'>perpetuae</span> <span class='ocrx_word' id='word_1_197' title='bbox 376 2512 598 2570; x_wconf 88' lang='lat' dir='ltr'>commendavit</span> <span class='ocrx_word' id='word_1_198' title='bbox 622 2512 802 2583; x_wconf 89' lang='lat' dir='ltr'>memoriae;</span> <span class='ocrx_word' id='word_1_199' title='bbox 834 2516 949 2590; x_wconf 91' lang='lat' dir='ltr'>quippe</span> <span class='ocrx_word' id='word_1_200' title='bbox 971 2516 1077 2576; x_wconf 89' lang='lat' dir='ltr'>excisa</span> <span class='ocrx_word' id='word_1_201' title='bbox 1097 2515 1166 2575; x_wconf 83' lang='lat' dir='ltr'>Car-</span> 
     </span>
     <span class='ocr_line' id='line_1_27' title="bbox 184 2595 1168 2672; baseline 0.002 -17"><span class='ocrx_word' id='word_1_202' title='bbox 184 2595 308 2669; x_wconf 89' lang='lat' dir='ltr'>thagine</span> <span class='ocrx_word' id='word_1_203' title='bbox 324 2610 360 2654; x_wconf 85' lang='lat' dir='ltr'>ac</span> <span class='ocrx_word' id='word_1_204' title='bbox 377 2595 537 2655; x_wconf 89' lang='lat' dir='ltr'>Numantia</span> <span class='ocrx_word' id='word_1_205' title='bbox 559 2596 596 2654; x_wconf 82' lang='lat' dir='ltr'>ab</span> <span class='ocrx_word' id='word_1_206' title='bbox 613 2597 735 2656; x_wconf 88' lang='lat' dir='ltr'>alterius</span> <span class='ocrx_word' id='word_1_207' title='bbox 750 2614 807 2657; x_wconf 93' lang='lat' dir='ltr'>nos</span> <span class='ocrx_word' id='word_1_208' title='bbox 820 2608 916 2672; x_wconf 89' lang='lat' dir='ltr'>metu,</span> <span class='ocrx_word' id='word_1_209' title='bbox 932 2601 1057 2661; x_wconf 86' lang='lat' dir='ltr'>alterius</span> <span class='ocrx_word' id='word_1_210' title='bbox 1070 2598 1168 2657; x_wconf 93' lang='lat' dir='ltr'>vindi-</span> 
     </span>
    </p>

    <p class='ocr_par' dir='ltr' id='par_1_7' title="bbox 157 2679 1172 3092">
     <span class='ocr_line' id='line_1_28' title="bbox 157 2679 1168 2755; baseline 0.002 -16"><span class='ocrx_word' id='word_1_211' title='bbox 157 2696 173 2749; x_wconf 68' lang='lat'>4</span> <span class='ocrx_word' id='word_1_212' title='bbox 188 2680 267 2739; x_wconf 90' lang='lat' dir='ltr'>cavit</span> <span class='ocrx_word' id='word_1_213' title='bbox 278 2679 480 2739; x_wconf 89' lang='lat' dir='ltr'>contmneliis.</span> <span class='ocrx_word' id='word_1_214' title='bbox 503 2679 568 2749; x_wconf 90' lang='lat' dir='ltr'>Hic,</span> <span class='ocrx_word' id='word_1_215' title='bbox 585 2693 654 2736; x_wconf 88' lang='lat' dir='ltr'>eum</span> <span class='ocrx_word' id='word_1_216' title='bbox 666 2680 869 2755; x_wconf 89' lang='lat' dir='ltr'>interrogante</span> <span class='ocrx_word' id='word_1_217' title='bbox 884 2684 1006 2743; x_wconf 89' lang='lat' dir='ltr'>tribuno</span> <span class='ocrx_word' id='word_1_218' title='bbox 1019 2683 1168 2755; x_wconf 84' lang='lat' dir='ltr'>Carbone,</span> 
     </span>
     <span class='ocr_line' id='line_1_29' title="bbox 188 2760 1170 2841; baseline 0.005 -21"><span class='ocrx_word' id='word_1_219' title='bbox 188 2763 262 2836; x_wconf 91' lang='lat' dir='ltr'>quid</span> <span class='ocrx_word' id='word_1_220' title='bbox 278 2763 317 2819; x_wconf 88' lang='lat' dir='ltr'>dc</span> <span class='ocrx_word' id='word_1_221' title='bbox 330 2762 373 2818; x_wconf 86' lang='lat' dir='ltr'>Ti.</span> <span class='ocrx_word' id='word_1_222' title='bbox 391 2760 520 2819; x_wconf 87' lang='lat' dir='ltr'>Gracchi</span> <span class='ocrx_word' id='word_1_223' title='bbox 535 2760 630 2820; x_wconf 87' lang='lat' dir='ltr'>caede</span> <span class='ocrx_word' id='word_1_224' title='bbox 646 2764 779 2837; x_wconf 86' lang='lat' dir='ltr'>sentiret,</span> <span class='ocrx_word' id='word_1_225' title='bbox 802 2766 971 2841; x_wconf 90' lang='lat' dir='ltr'>respondit,</span> <span class='ocrx_word' id='word_1_226' title='bbox 994 2769 1022 2827; x_wconf 93' lang='lat' dir='ltr'>si</span> <span class='ocrx_word' id='word_1_227' title='bbox 1036 2767 1065 2828; x_wconf 93' lang='lat' dir='ltr'>is</span> <span class='ocrx_word' id='word_1_228' title='bbox 1081 2782 1170 2827; x_wconf 91' lang='lat' dir='ltr'>occu-</span> 
     </span>
     <span class='ocr_line' id='line_1_30' title="bbox 188 2844 1171 2922; baseline 0.006 -19"><span class='ocrx_word' id='word_1_229' title='bbox 188 2844 310 2919; x_wconf 87' lang='lat' dir='ltr'>pandae</span> <span class='ocrx_word' id='word_1_230' title='bbox 330 2844 516 2918; x_wconf 89' lang='lat' dir='ltr'>reipublicae</span> <span class='ocrx_word' id='word_1_231' title='bbox 539 2845 672 2905; x_wconf 89' lang='lat' dir='ltr'>animum</span> <span class='ocrx_word' id='word_1_232' title='bbox 692 2846 866 2922; x_wconf 88' lang='lat' dir='ltr'>habuisset,</span> <span class='ocrx_word' id='word_1_233' title='bbox 888 2852 953 2910; x_wconf 92' lang='lat' dir='ltr'>iure</span> <span class='ocrx_word' id='word_1_234' title='bbox 977 2867 1120 2921; x_wconf 88' lang='lat' dir='ltr'>caesum;</span> <span class='ocrx_word' id='word_1_235' title='bbox 1144 2856 1171 2909; x_wconf 88' lang='lat' dir='ltr'>el</span> 
     </span>
     <span class='ocr_line' id='line_1_31' title="bbox 189 2927 1172 3008; baseline 0.008 -22"><span class='ocrx_word' id='word_1_236' title='bbox 189 2943 257 2986; x_wconf 88' lang='lat' dir='ltr'>cum</span> <span class='ocrx_word' id='word_1_237' title='bbox 279 2927 378 2985; x_wconf 92' lang='lat' dir='ltr'>omnis</span> <span class='ocrx_word' id='word_1_238' title='bbox 398 2929 499 2987; x_wconf 89' lang='lat' dir='ltr'>contio</span> <span class='ocrx_word' id='word_1_239' title='bbox 522 2930 738 2990; x_wconf 83' lang='lat' dir='ltr'>acclamasset:</span> <span class='ocrx_word' id='word_1_240' title='bbox 760 2931 902 3007; x_wconf 91' lang='lat' dir='ltr'>hostium,</span> <span class='ocrx_word' id='word_1_241' title='bbox 918 2935 1024 3008; x_wconf 92' lang='lat' dir='ltr'>inquit,</span> <span class='ocrx_word' id='word_1_242' title='bbox 1041 2942 1172 2995; x_wconf 89' lang='lat' dir='ltr'>armato-</span> 
     </span>
     <span class='ocr_line' id='line_1_32' title="bbox 187 3009 1161 3092; baseline 0.011 -22"><span class='ocrx_word' id='word_1_243' title='bbox 187 3028 255 3070; x_wconf 89' lang='lat' dir='ltr'>rum</span> <span class='ocrx_word' id='word_1_244' title='bbox 274 3009 388 3070; x_wconf 87' lang='lat' dir='ltr'>totiens</span> <span class='ocrx_word' id='word_1_245' title='bbox 407 3013 539 3070; x_wconf 92' lang='lat' dir='ltr'>clamore</span> <span class='ocrx_word' id='word_1_246' title='bbox 560 3028 622 3071; x_wconf 89' lang='lat' dir='ltr'>non</span> <span class='ocrx_word' id='word_1_247' title='bbox 637 3014 758 3074; x_wconf 88' lang='lat' dir='ltr'>territus</span> <span class='ocrx_word' id='word_1_248' title='bbox 774 3016 827 3090; x_wconf 92' lang='lat' dir='ltr'>qui</span> <span class='ocrx_word' id='word_1_249' title='bbox 846 3034 975 3092; x_wconf 88' lang='lat' dir='ltr'>possum</span> <span class='ocrx_word' id='word_1_250' title='bbox 986 3026 1093 3079; x_wconf 85' lang='lat' dir='ltr'>uestro</span> <span class='ocrx_word' id='word_1_251' title='bbox 1109 3036 1161 3081; x_wconf 93' lang='lat' dir='ltr'>mo</span> 
     </span>
    </p>

    <p class='ocr_par' dir='ltr' id='par_1_8' title="bbox 154 3096 1166 3431">
     <span class='ocr_line' id='line_1_33' title="bbox 154 3096 1166 3170; baseline 0.007 -13"><span class='ocrx_word' id='word_1_252' title='bbox 154 3104 172 3158; x_wconf 83' lang='lat'><strong>5</strong></span> <span class='ocrx_word' id='word_1_253' title='bbox 191 3096 263 3170; x_wconf 87' lang='lat' dir='ltr'>veri,</span> <span class='ocrx_word' id='word_1_254' title='bbox 278 3112 408 3170; x_wconf 92' lang='lat' dir='ltr'>quorum</span> <span class='ocrx_word' id='word_1_255' title='bbox 424 3111 558 3155; x_wconf 90' lang='lat' dir='ltr'>noverca</span> <span class='ocrx_word' id='word_1_256' title='bbox 570 3103 618 3156; x_wconf 91' lang='lat' dir='ltr'>est</span> <span class='ocrx_word' id='word_1_257' title='bbox 628 3097 734 3157; x_wconf 70' lang='lat' dir='ltr'>ltalia?</span> <span class='ocrx_word' id='word_1_258' title='bbox 754 3100 910 3162; x_wconf 88' lang='lat' dir='ltr'>Reversus</span> <span class='ocrx_word' id='word_1_259' title='bbox 926 3103 957 3161; x_wconf 91' lang='lat' dir='ltr'>in</span> <span class='ocrx_word' id='word_1_260' title='bbox 972 3102 1081 3161; x_wconf 90' lang='lat' dir='ltr'>urbem</span> <span class='ocrx_word' id='word_1_261' title='bbox 1095 3102 1142 3164; x_wconf 92' lang='lat' dir='ltr'>inl</span> <span class='ocrx_word' id='word_1_262' title='bbox 1163 3126 1166 3154; x_wconf 69' lang='grc' dir='ltr'><strong><em>ε</em></strong></span> 
     </span>
     <span class='ocr_line' id='line_1_34' title="bbox 187 3179 1158 3261; baseline 0.009 -23"><span class='ocrx_word' id='word_1_263' title='bbox 187 3181 282 3239; x_wconf 87' lang='lat' dir='ltr'>breve</span> <span class='ocrx_word' id='word_1_264' title='bbox 296 3188 434 3254; x_wconf 77' lang='lat' dir='ltr'>tempuS,</span> <span class='ocrx_word' id='word_1_265' title='bbox 447 3179 498 3238; x_wconf 87' lang='grc' dir='ltr'>Μ’.</span> <span class='ocrx_word' id='word_1_266' title='bbox 516 3180 649 3256; x_wconf 87' lang='lat' dir='ltr'>Aquilio,</span> <span class='ocrx_word' id='word_1_267' title='bbox 668 3183 699 3242; x_wconf 88' lang='lat' dir='ltr'>C.</span> <span class='ocrx_word' id='word_1_268' title='bbox 716 3182 898 3259; x_wconf 90' lang='lat' dir='ltr'>Sempronio</span> <span class='ocrx_word' id='word_1_269' title='bbox 915 3187 1107 3261; x_wconf 89' lang='lat' dir='ltr'>consulibus,</span> <span class='ocrx_word' id='word_1_270' title='bbox 1123 3205 1158 3247; x_wconf 87' lang='lat' dir='ltr'>a·</span> 
     </span>
     <span class='ocr_line' id='line_1_35' title="bbox 188 3262 1164 3345; baseline 0.013 -27"><span class='ocrx_word' id='word_1_271' title='bbox 188 3262 259 3320; x_wconf 91' lang='lat' dir='ltr'>hinc</span> <span class='ocrx_word' id='word_1_272' title='bbox 271 3278 368 3321; x_wconf 88' lang='lat' dir='ltr'>annos</span> <span class='ocrx_word' id='word_1_273' title='bbox 385 3272 505 3323; x_wconf 90' lang='lat' dir='ltr'>centum</span> <span class='ocrx_word' id='word_1_274' title='bbox 522 3266 742 3341; x_wconf 86' lang='lat' dir='ltr'>quinquaginta</span> <span class='ocrx_word' id='word_1_275' title='bbox 757 3276 890 3344; x_wconf 89' lang='lat' dir='ltr'>septem,</span> <span class='ocrx_word' id='word_1_276' title='bbox 915 3279 988 3345; x_wconf 90' lang='lat' dir='ltr'>post</span> <span class='ocrx_word' id='word_1_277' title='bbox 1002 3273 1085 3332; x_wconf 92' lang='lat' dir='ltr'>duos</span> <span class='ocrx_word' id='word_1_278' title='bbox 1101 3289 1164 3333; x_wconf 91' lang='lat' dir='ltr'>con</span> 
     </span>
     <span class='ocr_line' id='line_1_36' title="bbox 190 3345 1164 3431; baseline 0.012 -28"><span class='ocrx_word' id='word_1_279' title='bbox 190 3346 306 3404; x_wconf 90' lang='lat' dir='ltr'>sulatus</span> <span class='ocrx_word' id='word_1_280' title='bbox 315 3345 458 3419; x_wconf 92' lang='lat' dir='ltr'>duosque</span> <span class='ocrx_word' id='word_1_281' title='bbox 467 3349 637 3423; x_wconf 89' lang='lat' dir='ltr'>triumphos</span> <span class='ocrx_word' id='word_1_282' title='bbox 649 3359 680 3411; x_wconf 89' lang='lat' dir='ltr'>et</span> <span class='ocrx_word' id='word_1_283' title='bbox 693 3351 740 3411; x_wconf 92' lang='lat' dir='ltr'>bis</span> <span class='ocrx_word' id='word_1_284' title='bbox 749 3355 872 3414; x_wconf 85' lang='lat' dir='ltr'>excisos</span> <span class='ocrx_word' id='word_1_285' title='bbox 881 3362 1013 3416; x_wconf 90' lang='lat' dir='ltr'>terrores</span> <span class='ocrx_word' id='word_1_286' title='bbox 1025 3356 1164 3431; x_wconf 91' lang='lat' dir='ltr'>reipubli</span> 
     </span>
    </p>
   </div>
   <div class='ocr_carea' id='block_1_3' title="bbox 157 3428 1170 3685">
    <p class='ocr_par' dir='ltr' id='par_1_9' title="bbox 157 3428 1170 3685">
     <span class='ocr_line' id='line_1_37' title="bbox 191 3428 1146 3514; baseline 0.014 -28"><span class='ocrx_word' id='word_1_287' title='bbox 191 3443 245 3486; x_wconf 90' lang='lat' dir='ltr'>cae</span> <span class='ocrx_word' id='word_1_288' title='bbox 260 3443 349 3486; x_wconf 85' lang='lat' dir='ltr'>mane</span> <span class='ocrx_word' id='word_1_289' title='bbox 364 3428 394 3485; x_wconf 94' lang='lat' dir='ltr'>in</span> <span class='ocrx_word' id='word_1_290' title='bbox 407 3430 516 3490; x_wconf 89' lang='lat' dir='ltr'>lectulo</span> <span class='ocrx_word' id='word_1_291' title='bbox 530 3442 669 3507; x_wconf 88' lang='lat' dir='ltr'>repertus</span> <span class='ocrx_word' id='word_1_292' title='bbox 685 3445 733 3496; x_wconf 89' lang='lat' dir='ltr'>est</span> <span class='ocrx_word' id='word_1_293' title='bbox 747 3447 892 3514; x_wconf 80' lang='lat' dir='ltr'>morture,</span> <span class='ocrx_word' id='word_1_294' title='bbox 908 3441 998 3501; x_wconf 88' lang='lat' dir='ltr'>itaut</span> <span class='ocrx_word' id='word_1_295' title='bbox 1021 3440 1146 3514; x_wconf 90' lang='lat' dir='ltr'>quaeda</span> 
     </span>
     <span class='ocr_line' id='line_1_38' title="bbox 157 3511 1153 3595; baseline 0.011 -22"><span class='ocrx_word' id='word_1_296' title='bbox 157 3521 176 3573; x_wconf 82' lang='lat'><strong>6</strong></span> <span class='ocrx_word' id='word_1_297' title='bbox 192 3511 335 3570; x_wconf 90' lang='lat' dir='ltr'>elisarum</span> <span class='ocrx_word' id='word_1_298' title='bbox 351 3512 483 3571; x_wconf 84' lang='lat' dir='ltr'>faucium</span> <span class='ocrx_word' id='word_1_299' title='bbox 497 3513 527 3572; x_wconf 94' lang='lat' dir='ltr'>in</span> <span class='ocrx_word' id='word_1_300' title='bbox 551 3520 670 3578; x_wconf 91' lang='lat' dir='ltr'>cervice</span> <span class='ocrx_word' id='word_1_301' title='bbox 684 3523 891 3595; x_wconf 89' lang='lat' dir='ltr'>reperirentur</span> <span class='ocrx_word' id='word_1_302' title='bbox 906 3532 1007 3584; x_wconf 88' lang='lat' dir='ltr'>notae.</span> <span class='ocrx_word' id='word_1_303' title='bbox 1036 3524 1085 3584; x_wconf 89' lang='lat' dir='ltr'>De</span> <span class='ocrx_word' id='word_1_304' title='bbox 1100 3533 1153 3584; x_wconf 90' lang='lat' dir='ltr'>tan</span> 
     </span>
     <span class='ocr_line' id='line_1_39' title="bbox 190 3595 1170 3685; baseline 0.017 -33"><span class='ocrx_word' id='word_1_305' title='bbox 190 3595 246 3653; x_wconf 86' lang='lat' dir='ltr'>viri</span> <span class='ocrx_word' id='word_1_306' title='bbox 262 3601 358 3654; x_wconf 92' lang='lat' dir='ltr'>morte</span> <span class='ocrx_word' id='word_1_307' title='bbox 373 3598 456 3655; x_wconf 90' lang='lat' dir='ltr'>nulla</span> <span class='ocrx_word' id='word_1_308' title='bbox 469 3598 572 3658; x_wconf 89' lang='lat' dir='ltr'>habita</span> <span class='ocrx_word' id='word_1_309' title='bbox 580 3609 626 3661; x_wconf 87' lang='lat' dir='ltr'>est</span> <span class='ocrx_word' id='word_1_310' title='bbox 635 3605 783 3680; x_wconf 93' lang='lat' dir='ltr'>quaestio,</span> <span class='ocrx_word' id='word_1_311' title='bbox 796 3608 925 3683; x_wconf 83' lang='lat' dir='ltr'>eiusque</span> <span class='ocrx_word' id='word_1_312' title='bbox 940 3625 1057 3685; x_wconf 89' lang='lat' dir='ltr'>corpus</span> <span class='ocrx_word' id='word_1_313' title='bbox 1074 3610 1170 3669; x_wconf 87' lang='lat' dir='ltr'>velat·</span> 
     </span>
    </p>
   </div>
   <div class='ocr_carea' id='block_1_4' title="bbox 0 0 1191 4222">
    <p class='ocr_par' dir='ltr' id='par_1_10' title="bbox 0 0 1191 4222">
     <span class='ocr_line' id='line_1_40' title="bbox 0 0 1191 4222; baseline 0 0"><span class='ocrx_word' id='word_1_314' title='bbox 0 0 1191 4222; x_wconf 95' lang='lat' dir='ltr'> </span> 
     </span>
    </p>
   </div>
  </div>
 </body>
</html>
