2348 4222
151 285 194 349 80
421 282 461 341 Μ.
480 280 624 341 VELLEI
641 278 860 341 PATERCULI

152 432 238 508 operi
254 429 458 507 praeparabat
472 437 599 505 eratque
614 427 705 488 eliam
717 445 754 489 eo
769 429 945 503 timendus,
963 448 1008 506 qu

152 516 344 577 Germaniam
365 515 405 575 ad
426 515 544 574 laevam
559 522 589 574 cl
610 514 640 572 in
656 513 770 586 ironia,
792 512 1008 575 Pannoniam.

148 608 241 674 tram,
264 617 283 660 a
297 607 383 673 tergo
399 598 518 658 sedium
532 613 658 657 suarum
672 597 799 655 haberet
813 597 965 672 Noricos,
988 607 1008 658 n

118 685 180 746 ain
204 684 303 744 omnis
325 698 449 757 semper
468 689 616 742 vcnlurus
637 680 676 740 ab
698 679 840 741 omnibus
865 682 1008 742 timebaiu

150 785 290 830 securam
312 767 490 827 incrementi
511 765 560 826 sui
581 764 754 840 patiebatur
776 780 847 824 esse
862 764 999 840 Italiam,

151 870 220 914 cum
235 870 253 912 a
268 853 394 913 summis
409 849 533 925 Alpium
548 848 628 924 iugis
645 864 726 924 quae
740 849 832 908 linem
848 850 958 909 italiae
973 857 1008 909 lei

150 936 266 997 initium
279 937 345 996 cius
361 935 465 994 finium
481 933 563 994 haud
577 934 672 992 mullo
688 933 759 1007 plus
776 932 919 992 ducentis
935 933 1008 993 milil

118 1021 239 1079 3suum
261 1019 395 1077 abesset.
429 1018 518 1077 Hunc
541 1018 639 1077 virum
661 1023 691 1076 el
717 1017 796 1075 hanc
814 1018 1008 1093 regioncmp

149 1119 230 1163 anno
250 1100 383 1161 diversis
399 1117 416 1159 e
430 1101 569 1176 parlibus
583 1101 632 1160 Ti:
644 1101 757 1160 Caesar
771 1101 902 1174 adgredi
917 1103 1008 1162 stalui

149 1187 190 1247 lio
207 1185 371 1246 Saturnino
387 1186 579 1258 mandalum,
598 1190 632 1244 ut
648 1184 830 1258 porcellos,
846 1186 968 1246 excisis
984 1203 1008 1246 cr

149 1271 230 1330 libus
245 1269 407 1328 Herciniae
422 1268 524 1343 silvis,
540 1268 679 1343 legiones
694 1268 939 1344 Boiolroamum‚
955 1270 999 1345 (id

151 1371 243 1431 quam
259 1354 411 1414 incolebat
418 1353 639 1425 Maroboduus,
655 1367 766 1410 nornen
783 1357 844 1423 esl)
860 1353 934 1427 ipse
949 1354 1008 1414 aCa

151 1441 202 1514 qui
218 1441 306 1498 locus
322 1437 423 1497 Norici
437 1435 524 1511 regni
539 1434 700 1512 proximus
716 1435 754 1495 ab
770 1436 828 1495 hac
845 1444 938 1511 parle
954 1446 1008 1498 eral

151 1525 257 1596 cilum,
281 1522 333 1598 qui
354 1523 385 1581 in
400 1521 523 1598 Illyrico
545 1521 696 1594 merebat,
718 1520 832 1579 ducere
853 1523 885 1579 in
901 1523 1008 1584 Marco

150 1622 241 1665 orsus
258 1611 313 1664 esl.

119 1702 132 1750 1
230 1688 287 1746 CX.
321 1685 447 1760 Rumpit
462 1689 643 1760 [interdum]
660 1688 812 1749 inlcrdum
827 1697 969 1750 moratur
983 1708 1008 1765 pr

149 1770 304 1829 hominum
321 1769 450 1827 iorluna.
483 1769 723 1843 Praeparaveral
743 1773 805 1831 iam
825 1771 962 1834 hiberna
977 1775 1008 1834 Ca

148 1853 322 1914 Danubium
344 1853 529 1927 admotoque
552 1855 687 1914 exercilu
709 1872 772 1914 non
792 1857 863 1930 plus
888 1876 1008 1932 quaml

151 1934 268 1996 dierum
286 1933 344 1996 iter
360 1952 379 1995 a
397 1935 503 2012 primis
521 1935 655 1997 hostium
668 1938 784 2010 [obertu
796 1942 1008 2017 leplorresqucr

152 2019 348 2082 Saturninum
371 2022 540 2082 admovere
561 2022 734 2096 placuerat,
757 2039 857 2097 paene
873 2027 1001 2101 aequali

150 2104 311 2165 intervallo
333 2105 371 2165 ab
390 2105 482 2166 hoste
504 2105 583 2165 intra
599 2123 718 2183 paucos
741 2105 857 2166 diesin
879 2113 1008 2182 praedio

153 2204 221 2246 cunr
246 2189 376 2247 Caesare
399 2188 558 2247 iuncturae
578 2197 680 2262 erant,
703 2206 772 2249 cum
794 2189 946 2255 universa
974 2196 1008 2256 Pa

152 2269 1008 2344 insolenslongaepacisbonis,eladultaviribusDelmal

147 2350 293 2424 bus[que]
306 2357 420 2410 lraclus
433 2352 499 2412 eius
511 2353 654 2428 gentibus
669 2357 698 2415 in
715 2358 896 2419 societatem
908 2364 1008 2426 adduc

115 2446 131 2496 2
148 2433 195 2494 sili
211 2451 295 2494 arma
310 2435 465 2510 corripuit.
498 2438 573 2499 Turn
589 2442 768 2501 necessaria
782 2444 931 2516 gloriosis
951 2467 1008 2524 pra

146 2534 248 2594 neque
268 2525 365 2580 tulum
388 2521 488 2581 visum
510 2524 614 2584 abdito
635 2524 665 2583 in
686 2527 830 2586 interiora
852 2534 997 2594 exercitu

114 2612 205 2665 alam
228 2604 328 2664 vicino
350 2604 434 2665 hosti
453 2605 628 2680 relinquere
643 2608 768 2668 italiam.
802 2611 948 2675 Gentium
971 2634 1008 2677 na

147 2704 223 2761 que,
248 2703 327 2760 quae
348 2686 585 2761 rebellaverant,
608 2692 706 2750 omnis
728 2709 873 2756 numerus
889 2703 1008 2777 ampliu

146 2769 246 2842 gentis
262 2769 383 2830 milibus
399 2773 558 2847 explebal3
575 2774 707 2835 ducenta
719 2777 783 2837 sere
798 2781 936 2853 pedilum
952 2787 1008 2847 coll

114 2859 194 2913 elur
208 2853 300 2911 armis
315 2853 441 2929 habilia,
463 2856 598 2930 equitum
614 2875 735 2921 novem.
765 2862 859 2925 Cuius
875 2867 1008 2931 immens

145 2935 298 3009 liuidinis,
315 2939 450 3011 parenlis
465 2941 622 3002 acerrimis
638 2959 675 3005 ac
690 2947 883 3022 peritissimis
902 2952 1008 3014 duciln

144 3031 250 3098 pelere
271 3023 385 3083 ltaliam
409 3024 587 3086 decreverat
607 3027 741 3089 iunclam
762 3031 821 3092 sibi
839 3035 994 3110 Nauporti

144 3107 240 3180 gestis
256 3105 406 3182 confimo,
434 3127 507 3186 pars
528 3111 559 3170 in
574 3111 787 3176 Macedoniam
808 3134 844 3177 se
866 3119 1008 3185 effudero

146 3189 210 3249 suis
226 3193 353 3252 sedibus
369 3194 557 3267 praesidium
575 3213 647 3258 esse
658 3199 882 3263 destinaverat.
904 3204 1008 3268 Maxir.

112 3271 201 3330 abus
226 3274 396 3334 Balonibus
424 3294 460 3336 ac
484 3279 602 3342 Pinneti
627 3283 759 3345 ducibus
786 3288 954 3351 auctoritas
985 3311 1008 3353 e]

145 3355 286 3414 omnibus
308 3363 409 3416 aulem
429 3360 593 3426 Pannoniis
617 3384 677 3427 non
700 3369 883 3446 disciplinae
907 3382 1008 3439 lanlur

144 3437 201 3499 sed
217 3437 340 3513 linguae
356 3459 480 3518 quoque
494 3449 600 3511 nolitia
615 3453 788 3528 Romanae,
804 3457 963 3534 plerisque
979 3471 1008 3524 el

142 3529 276 3586 terarum
283 3542 360 3586 usus
372 3535 402 3589 el
414 3529 570 3594 lanriliaris
583 3553 735 3598 armorum
747 3544 1008 3609 eralexercilalio
