2348 4222
22 132 40 209 1⁴-

11 326 41 425 ιζ,
184 343 396 404 ntsroarna
420 343 610 403 conamur
632 345 672 417 n,
694 353 737 408 ar.
753 353 796 407 aa.
940 342 979 406 tc

10 524 38 563 ,ι-
78 493 194 553 XCVII.
226 492 287 553 Sed
304 493 375 552 dum
398 493 427 551 in
448 492 506 552 hac
527 501 614 567 quarte
629 495 736 568 imperi
753 496 854 555 omnia
868 501 1009 570 geron-1

10 572 44 659 fl
64 578 290 652 prosperrime,
312 577 484 651 acceptam
501 577 662 637 Germania
678 579 781 637 clades
798 580 856 639 sub
878 580 978 653 legato

10 660 163 734 mollio,
178 660 301 720 homine
315 660 345 719 in
362 661 462 720 omnia
477 660 627 734 pecuniae
643 676 734 734 quam
749 670 833 721 recte
847 663 978 723 faciendi

10 726 156 821 ''ppidtore
173 752 202 805 et
221 744 299 802 inter
320 759 469 804 summam
484 742 627 804 vitiorum
647 744 919 804 dissimulationem
934 747 979 804 vi-

10 828 179 901 §sissimq
203 827 379 901 amissaque
396 827 526 900 legionis
542 829 666 900 quintae
686 829 789 902 aquila
804 829 926 887 vocavit
940 829 978 887 ab

10 908 69 975 me
85 912 114 970 in
133 911 245 970 Gallias
262 910 434 970 Caesarem.
467 910 545 969 Cura
564 911 675 970 deinde
696 918 789 985 atque
811 928 890 971 onus
907 912 1011 970 Ger-2

10 994 103 1059 brici
117 995 188 1054 belli
205 994 344 1068 delegata
358 995 459 1053 Druso
476 993 617 1068 Claudio,
638 994 722 1053 fratri
736 994 881 1067 Neronis,
903 995 979 1054 adu-

10 1078 122 1138 seenti
137 1085 182 1138 tot
195 1085 407 1152 tantarumque
422 1078 573 1150 virtutum,
590 1085 665 1152 quot
680 1085 710 1137 ct
724 1085 855 1153 quantas
870 1086 979 1137 natura

10 1162 129 1221 ortatis
153 1160 263 1235 recipit
286 1163 336 1220 vel
361 1161 511 1221 industria
535 1163 679 1236 percipit:
709 1162 796 1221 culus
823 1162 978 1235 ingenium

10 1256 92 1307 rum
107 1245 226 1305 bellicis
241 1247 339 1318 magis
356 1246 502 1318 operibus
518 1261 556 1304 an
574 1245 712 1304 civilibus
735 1245 891 1304 suffecerit
906 1245 977 1304 arti-

10 1342 65 1402 ιε,
88 1330 118 1387 in
140 1329 256 1387 incerto
273 1337 334 1388 est:
355 1344 474 1388 morum
491 1334 573 1387 certe
589 1329 721 1387 dulcedo
738 1344 774 1386 ac
796 1328 932 1387 suavitas
949 1334 979 1387 et

10 1408 143 1472 lversus
165 1413 281 1471 amicos
305 1427 404 1486 aequa
420 1428 456 1470 ac
473 1427 529 1484 par
544 1410 592 1471 sui
608 1410 777 1471 aestimatio
793 1410 978 1470 inimitabilis

10 1490 89 1554 isse
105 1494 231 1563 dicitur;
258 1511 327 1553 nam
344 1494 538 1568 pulchritudo
555 1493 695 1567 corporis
717 1495 857 1567 proxima
872 1495 978 1550 irater-

10 1594 49 1636 ιε
63 1579 128 1637 luit.
151 1576 213 1635 Sed
228 1577 312 1636 illum
323 1593 435 1650 magna
450 1593 488 1636 ex
502 1584 588 1649 parte
601 1575 779 1634 domitorem
789 1575 978 1648 Germaniae,
992 1584 1010 1637 3

10 1661 125 1718 urimo
143 1659 209 1717 eius
226 1659 326 1732 gentis
344 1659 435 1718 variis
457 1659 487 1716 in
504 1660 580 1718 locis
602 1661 730 1733 profuso
747 1660 910 1733 sanguine,
934 1659 948 1716 l
966 1691 977 1699 -

10 1756 92 1802 rum
117 1740 263 1816 iniquitas
285 1744 458 1814 consulem,
486 1748 624 1815 agentem
647 1759 758 1802 annum
782 1743 976 1816 tricesimum,

10 1826 101 1901 pun.
129 1826 228 1885 Moles
243 1827 355 1886 deinde
370 1826 436 1886 eius
459 1827 528 1886 belli
549 1829 694 1886 translata
708 1825 738 1885 in
754 1826 905 1886 Neronem
921 1833 976 1900 est,
992 1836 1010 1886 4

10 1911 75 1970 uod
90 1910 116 1968 is
132 1925 190 1968 sua
204 1917 234 1969 et
245 1911 354 1970 virtute
366 1918 396 1970 et
407 1912 531 1971 fortuna
546 1910 767 1970 administravit
782 1917 975 1985 peragratus-

10 2008 52 2053 1e
74 1995 171 2053 vietor
192 1996 290 2053 omnis
310 1995 405 2068 partis
423 1995 604 2054 Germaniae
626 1996 693 2052 sine
708 1993 770 2051 ullo
794 1993 976 2052 detrimento

10 2078 146 2138 immissi
169 2079 340 2150 exercituS,
369 2078 454 2150 quod
476 2075 642 2148 praecipue
662 2075 734 2132 huic
758 2075 828 2132 duci
855 2089 978 2146 semper

10 2174 84 2220 rrae
99 2160 168 2233 luit,
194 2160 239 2219 sio
255 2160 430 2233 perdomuit
444 2173 526 2227 eam,
550 2164 583 2216 ut
604 2158 633 2215 in
657 2158 784 2214 formam
801 2170 902 2229 paene
924 2155 976 2215 sti-

10 2243 169 2303 endiariae
194 2242 346 2315 redigeret
373 2241 562 2315 provinciae.
604 2241 680 2300 Tum
704 2238 975 2312 altertriumphus

10 2341 58 2385 tm
76 2328 172 2386 altero
188 2328 349 2385 consulatu
364 2327 392 2385 ei
409 2326 530 2385 oblatus
547 2330 602 2383 est.

68 2409 199 2467 XCVlll.
233 2408 312 2466 Ilum
333 2424 384 2481 ea,
413 2423 492 2483 quae
515 2406 740 2480 praediximus,
767 2405 797 2465 in
820 2405 1007 2470 Pannonial

10 2492 216 2563 ermeniaque
237 2499 399 2564 geruntur,
425 2496 513 2549 atrox
534 2490 570 2548 in·
585 2491 712 2549 Thracia
737 2491 850 2548 bellum
877 2497 975 2550 ortum

10 2573 136 2632 mnibus
158 2572 224 2631 eius
246 2573 345 2646 gentis
367 2572 542 2631 nationibus
563 2572 593 2629 in
614 2588 699 2630 arma
722 2572 879 2643 accensis,
902 2573 975 2631 Luci

10 2656 128 2726 sonis,
156 2672 247 2730 quem
268 2655 424 2730 hodieque
446 2654 710 2728 diligentissimum
731 2662 823 2727 atque
844 2655 976 2713 eundem

10 2739 181 2799 nissimum
198 2740 368 2798 securitatis
390 2739 526 2799 urbanae
548 2739 708 2799 custodem
729 2738 893 2809 habemus,
918 2738 975 2795 vir·

10 2841 37 2884 ιε
56 2824 242 2897 compressit
261 2823 392 2898 (quippe
405 2825 524 2896 legatus
542 2823 682 2882 Caesaris
697 2820 826 2880 triennio
843 2836 911 2879 eum
927 2818 975 2879 his

10 2907 115 2966 ellavit
135 2907 297 2981 gentisque
314 2906 523 2967 ferocissimas
539 2905 669 2980 plurimo
686 2922 755 2965 cum
771 2920 875 2963 earum
893 2905 961 2963 exci

10 3008 41 3050 ,ο
57 3006 140 3049 nunc
155 2989 236 3062 acie,
262 3006 343 3050 nunc
359 2990 638 3065 expugnationibus
661 2990 689 3048 in
711 2989 872 3064 pristinum
888 2985 974 3059 pacis

10 3074 109 3148 adegit
135 3074 273 3145 modum)
297 3075 427 3148 eiusque
452 3074 623 3147 patratione
649 3074 743 3132 Asiae
770 3071 973 3140 securitatem,

10 3152 192 3218 tacedoniae
214 3173 321 3230 pacem
342 3157 483 3216 reddidit.
518 3158 563 3215 De
586 3171 647 3228 quo
670 3156 734 3212 viro
756 3153 816 3211 hoo
832 3150 1005 3212 omnibusl

10 3240 185 3300 entIendum
200 3255 237 3298 ac
253 3239 491 3314 praedicandum
509 3245 565 3310 est,
581 3252 652 3295 esse
667 3251 770 3294 mores
786 3235 852 3294 eius
870 3235 974 3308 vigore

10 3336 26 3380 e
46 3323 170 3382 lenitate
190 3322 390 3382 mixtissimos
412 3329 442 3381 et
456 3323 506 3379 vix
522 3336 707 3394 quemquam
721 3317 847 3392 reperiri
869 3334 974 3392 posse,

11 3407 43 3467 tti
59 3414 112 3466 aut
127 3407 220 3466 otium
235 3407 367 3465 validius
382 3405 487 3478 diligat
502 3411 554 3464 aut
568 3404 686 3464 facilius
702 3403 835 3464 sufficiat
850 3404 973 3476 negotio

10 3492 20 3546 t
38 3491 137 3565 magis
160 3506 239 3565 quae
262 3490 380 3562 agenda
401 3495 472 3548 sunt
495 3494 580 3548 curet
601 3488 667 3546 sine
687 3491 749 3547 ulla
770 3487 973 3546 ostentatione

10 3575 110 3645 gendi.
