2348 4222
206 378 417 439 ursroarna
438 376 631 437 nonanta
652 377 694 449 11,
716 386 759 440 ar.
935 377 977 441 37

86 578 91 606 ,
118 531 257 591 omnibus
280 530 413 590 omnium
434 529 568 603 gentium
591 530 664 588 viris
688 504 897 604 magnitudine
918 550 977 592 sua

89 623 174 676 turus
197 614 365 688 caliginem.
399 614 463 673 Iam
479 628 578 688 paene
600 629 863 688 supervacaneum
878 617 1007 676 viderie

86 698 302 760 teminentium
316 698 507 772 ingeniorum
522 705 628 756 notare
644 704 797 770 tempora3
815 700 884 772 quis
896 701 976 759 enirn

86 792 114 843 at
129 785 295 857 diremptos
317 781 463 856 gradibus
479 781 585 840 aetatis
601 779 747 840 floruisse
763 780 823 840 hoo
838 789 977 856 ternpore

86 883 188 939 onem,
216 866 428 937 Hortensium,
458 870 591 937 anteque
619 864 792 937 Antonium,
822 864 976 937 Crassum,

86 968 128 1022 m,
146 949 329 1024 Sulpicium,
345 963 481 1022 moxque
495 948 635 1019 Brutum,
652 948 814 1020 Calidium,
831 948 976 1021 Coelium,

86 1052 129 1106 m,
145 1042 175 1093 et
189 1033 362 1108 proximum
374 1030 511 1091 Ciceroni
524 1031 694 1104 Caesarem,
710 1047 880 1105 eorumque
894 1033 978 1090 velut

86 1133 135 1176 ros
152 1117 315 1177 Corvinum
335 1130 371 1173 ac
392 1115 558 1174 Pollionem
578 1115 733 1186 Asinium,
760 1116 976 1189 aemulumque
1063 1113 1067 1120 '

86 1201 183 1278 qdidis
200 1199 374 1259 Sallustium
397 1206 600 1272 auctoresque
623 1198 790 1257 carminum
803 1200 976 1257 Varronem

90 1279 233 1353 cratium,
259 1296 360 1355 neque
374 1282 436 1340 ullo
461 1280 492 1341 in
515 1281 655 1356 suscepti
678 1281 782 1356 operis
801 1281 850 1340 sui
866 1297 978 1354 genere

87 1363 147 1440 ine]
164 1363 312 1423 minorem
330 1366 489 1424 Catullum.
516 1367 617 1426 Paene
633 1366 726 1424 stulta
747 1370 796 1424 est
816 1363 1004 1423 inhaereni

86 1447 179 1507 oculis
196 1446 390 1522 ingeniorum
413 1448 618 1520 enumeratio,
644 1448 724 1507 inter
741 1462 823 1521 quae
842 1446 978 1504 maxime

111 1528 180 1590 aevi
198 1531 331 1591 eminent
356 1531 503 1606 princeps
526 1534 693 1591 carminum
716 1527 873 1602 Vergilius
888 1527 979 1588 Rahi

86 1629 118 1672 re
133 1619 164 1671 et
194 1622 383 1673 consecutus
406 1613 585 1689 Sallustium
600 1612 705 1673 Livius
727 1611 926 1686 Tibullusque
950 1620 979 1671 et

86 1745 88 1763 ‚
106 1695 324 1770 perfectissimi
339 1695 369 1754 in
387 1697 485 1756 lorma
500 1696 603 1773 operis
621 1695 682 1768 sui3
699 1712 769 1755 nam
787 1695 927 1757 vivorum
946 1704 979 1756 ut

86 1797 102 1838 a
121 1777 281 1840 admiratio
297 1779 338 1838 ita
356 1795 487 1839 censura
506 1781 639 1840 difficilis
657 1789 713 1840 est.

86 1863 220 1922 (XXVII.
251 1865 329 1923 Dum
344 1863 421 1924 haec
435 1864 464 1921 in
479 1864 555 1924 urbe
569 1865 717 1938 italiaque
737 1874 899 1943 geruntur,
922 1867 975 1928 Cn.
990 1878 1005 1929 1

90 1947 155 2005 eius
180 1947 378 2007 memorabile
404 1949 555 2007 adversus
580 1948 790 2022 Mithridaten,
824 1950 876 2024 qui
903 1958 975 2025 post

90 2031 107 2086 li
124 2031 344 2104 profectionem
359 2047 486 2104 magnas
503 2029 575 2088 novi
590 2035 744 2089 exercitus
759 2032 834 2092 viris
849 2048 973 2106 repara-

104 2114 214 2172 bellnm
229 2112 335 2186 gessit.
358 2115 467 2170 Atrax
482 2114 571 2169 lusus
586 2114 773 2185 fugatusque
788 2120 818 2172 et
833 2113 1006 2177 omnitusa

88 2214 103 2254 s
120 2196 219 2268 copiis
234 2193 408 2252 Armeniam
423 2194 636 2267 Tigranenque
652 2209 794 2253 socerum
810 2195 907 2269 petiit,
928 2211 976 2254 re-

86 2279 144 2334 rius
165 2277 328 2350 temporis,
350 2274 409 2334 nisi
426 2292 486 2351 qua
499 2276 616 2336 Luculli
631 2277 724 2336 armis
739 2285 802 2337 erat
817 2279 974 2353 infractus

90 2359 249 2419 tissimum.
283 2358 377 2418 Simul
397 2361 500 2434 itaque
516 2360 595 2441 duos
611 2368 793 2435 persecutus
807 2363 973 2437 Pompeius

86 2440 115 2500 rit
125 2442 308 2501 Armeniam.
330 2442 416 2503 Prior
427 2443 508 2502 iilius
519 2444 668 2518 Tigranis,
684 2447 740 2504 scd
752 2444 873 2507 discors
887 2449 974 2523 patri,
988 2455 1006 2508 ll

86 2525 134 2582 mit
148 2526 188 2583 ad
201 2524 396 2600 Pompeium;
412 2542 484 2585 mox
498 2525 568 2600 ipse
582 2529 716 2601 supplex
731 2537 760 2589 et
774 2546 924 2602 praesens
940 2545 975 2591 se

86 2624 184 2682 imque
193 2607 308 2668 dicioni
319 2609 385 2669 eius
399 2609 543 2684 permisit,
556 2611 713 2684 praelatus
725 2611 974 2671 nominemaliutn

86 2693 272 2752 eRomanum
284 2709 386 2766 neque
398 2693 487 2753 uillas
500 2695 599 2767 gentis
611 2695 708 2754 virum
720 2695 855 2756 futurum
866 2695 974 2766 luisse,

96 2791 130 2833 se
147 2776 285 2851 societati
306 2778 526 2837 commissurus
548 2778 642 2850 foret,
669 2795 760 2853 quam
777 2780 828 2839 Cn.
843 2779 974 2854 Pompe·

97 2860 229 2935 proinde
252 2876 371 2918 omnem
393 2860 451 2920 sibi
474 2862 521 2919 vel
542 2863 704 2922 adversam
725 2864 774 2921 vel
795 2864 973 2936 secundam,

107 2951 212 3003 auctor
236 2944 286 3003 ille
308 2950 406 3018 esset,
434 2945 585 3005 fortunam
611 2945 801 3007 tolerabilem
826 2947 973 3017 iuturam3

86 3043 148 3086 esse
169 3036 259 3102 turpe
280 3028 318 3087 ab
340 3044 377 3088 co
398 3028 495 3101 vinci,
520 3045 610 3104 quem
632 3031 756 3091 vincere
773 3038 856 3090 esset
876 3030 975 3100 netas,

86 3125 95 3167 e
110 3110 270 3170 inhoneste
286 3112 416 3187 aliquem
430 3114 573 3172 summitti
587 3115 665 3184 huic,
682 3129 774 3186 quem
788 3114 911 3169 fortuna
925 3125 975 3168 su·

86 3194 169 3254 imnis
191 3195 360 3254 extulisset.
396 3193 545 3255 Servatus
566 3196 631 3267 regi
652 3196 753 3252 honos
769 3193 892 3267 imperi,
919 3193 1004 3252 seda

87 3284 117 3337 to
132 3276 248 3352 ingenti
263 3277 405 3352 pecunia,
421 3294 501 3352 quae
517 3277 631 3350 omnis,
648 3278 735 3337 sicuti
749 3277 894 3352 Pompeio
910 3293 973 3338 mo·

86 3369 129 3434 at,
150 3363 275 3421 redacta
291 3361 320 3421 in
337 3361 509 3437 quaestoris
524 3366 708 3436 potestatem
724 3378 759 3421 ac
775 3361 906 3437 publicis
922 3363 973 3420 de-

86 3462 109 3505 a
129 3445 246 3506 litteris.
282 3445 371 3524 Syria
387 3445 541 3519 aliaeque,
566 3462 643 3520 quas
659 3453 881 3520 occupaverat,
904 3459 974 3519 pro·

86 3546 113 3588 le
129 3538 253 3604 ereptae
270 3538 301 3589 et
320 3530 398 3589 aliae
418 3528 575 3590 restitutae
591 3532 706 3605 populo
723 3531 877 3605 Romano,
898 3529 976 3587 aliae

86 3612 203 3672 trimum
219 3613 248 3671 in
265 3613 331 3673 eius
346 3621 529 3689 potestatem
543 3616 702 3689 reductae,
722 3622 756 3674 ut
771 3614 876 3691 Syria,
896 3623 976 3684 quae
