2422 4200
186 357 397 433 ntsrornlu
417 371 610 434 Romnae
632 376 673 448 u,
697 385 756 437 122.
776 385 835 438 na.
964 377 1006 440 se

10 524 169 599 narravit,
188 527 244 586 sed
261 526 380 586 vinctos
396 525 568 600 triumphus
584 526 733 600 ostendit,
753 544 842 602 quem
858 528 931 589 mihi
947 532 1005 590 lra-

10 611 121 686 urique
143 625 212 670 meo
234 611 312 670 inter
334 611 520 684 praepruus
542 609 781 685 praecipuisque
803 611 893 672 donis
916 614 1005 674 ador-

10 702 112 757 natos
130 693 215 754 viros
231 692 370 754 comitari
386 693 521 768 contigit.

106 777 219 838 CXXII.
256 775 329 851 Quis
353 794 416 837 non
440 778 519 836 inter
541 778 675 852 reliqua,
708 775 820 850 quibus
843 777 1036 852 singularist

10 863 190 927 moderatio
208 859 251 919 Ti.
268 860 409 921 Caesaris
427 861 526 921 elucet
547 868 640 934 atque
656 859 781 934 eminet,
805 860 865 920 hoc
882 877 1006 937 quoque

10 945 161 1017 miretur,
186 945 285 1018 quod,
308 961 377 1004 cum
400 943 466 1004 sine
485 945 546 1004 ulla
564 944 752 1005 dubitatione
770 951 888 1018 septem
903 945 1006 1005 trium-

10 1030 102 1107 phos
118 1027 276 1100 meruerit,
295 1027 393 1088 tribus
409 1035 571 1088 contentus
588 1026 663 1088 luit?
682 1027 755 1101 Quis
772 1027 853 1087 enim
868 1028 1007 1091 dubitare
1022 1031 1038 1082 9

10 1119 139 1190 potest,
166 1110 239 1186 quin
255 1127 295 1170 ex
310 1110 455 1171 Armenia
469 1119 595 1186 recepta
616 1118 645 1171 et
666 1127 706 1171 ex
722 1128 796 1187 rege
814 1112 1004 1188 praeposito,

10 1196 111 1258 cuius
133 1193 226 1270 capiti
247 1193 368 1269 insigne
383 1194 501 1269 regium
517 1211 574 1256 sua
589 1211 681 1254 manu
695 1195 900 1270 imposuerat,
926 1194 1007 1256 ordi-

10 1279 165 1354 natisque
187 1278 291 1339 rebus.
305 1277 436 1340 Orientis
460 1295 558 1339 ovans
579 1278 765 1353 triumphare
790 1277 950 1339 debuerit?
978 1287 1008 1338 et

10 1361 254 1424 vindelicorum
265 1363 515 1437 Rhaetorumque
526 1361 626 1422 victor
640 1378 731 1422 curru
745 1363 853 1422 urbem
867 1361 1008 1435 ingredia

10 1445 129 1519 fractis
154 1445 267 1506 deinde
288 1455 361 1521 post
381 1444 579 1520 adoptionem
603 1443 746 1505 continua
772 1443 880 1503 trienni
903 1443 1010 1504 militia

10 1528 205 1592 Germaniae
221 1528 338 1590 viribus
353 1530 435 1589 idem
456 1529 499 1589 illi
520 1529 620 1588 honor
634 1535 664 1587 et
679 1527 866 1587 deterendus
882 1535 911 1588 et
931 1526 1008 1585 reci-

10 1611 157 1688 piendus
173 1610 283 1671 luerit?
304 1618 420 1685 etpost
438 1612 556 1670 cladem
572 1611 629 1670 sub
644 1612 728 1684 Varo
745 1617 904 1684 acceptam
921 1609 1008 1669 ocius

10 1691 234 1772 prosperrimo
249 1709 350 1753 rerum
362 1701 473 1754 eventu
486 1694 595 1753 eadem
610 1693 717 1753 excisa
729 1693 891 1754 Germania
905 1693 1007 1754 trium-

10 1780 105 1855 phus
127 1775 237 1836 summi
259 1776 347 1838 ducis
369 1776 511 1838 adornari
533 1776 694 1838 debuerit?
723 1777 785 1838 Sed
806 1777 837 1837 in
859 1778 919 1838 hoc
941 1777 1039 1839 viros

11 1860 163 1934 nescim,
186 1868 287 1922 utrum
306 1861 404 1938 magis
425 1861 561 1934 mirerIS,
588 1861 673 1936 quod
690 1862 835 1924 ,laborum
856 1862 1008 1938 periculo-

11 1961 153 2019 ¹rumque
170 1961 292 2020 semper
307 1945 443 2008 excessit
456 1947 596 2018 modum,
613 1962 652 2005 an
669 1946 754 2020 quod
768 1946 920 2006 honorum
936 1954 1007 2005 tem-

15 2027 151 2106 paravit.

10 2136 14 2143 ·
109 2111 235 2172 CXXIII.
262 2111 392 2173 Venitur
414 2111 454 2170 ad
479 2118 614 2185 tempus,
639 2111 748 2185 inquo
767 2109 823 2170 luit
845 2106 1040 2184 plurimuml

14 2204 139 2258 metus:
160 2195 276 2268 quippe
293 2193 407 2265 Caesar
423 2195 582 2267 Augustus
598 2210 667 2254 curn
684 2192 896 2254 Germanicum
914 2207 1009 2266 nepo-

15 2290 85 2343 tem
97 2295 186 2339 suum
201 2277 321 2351 reliqua
332 2277 403 2337 belli
419 2283 607 2351 patraturum
618 2276 755 2338 misisset
768 2276 799 2336 in
808 2274 1008 2344 Germaniam,

12 2361 178 2427 Tiberium
193 2368 294 2421 autem
309 2357 404 2420 filium
421 2359 572 2422 missurus
589 2361 718 2423 essetin
733 2360 888 2440 Illyricum
904 2359 943 2419 ad
959 2359 1009 2418 tir-
1101 2401 1105 2407 .
1154 2338 1157 2343 ⁸

13 2445 139 2508 manda
153 2459 247 2519 pace,
273 2459 352 2517 quae
370 2445 451 2504 bello
467 2445 646 2519 subegerat,
669 2461 865 2520 prosequens
884 2461 953 2504 eum
969 2441 1009 2503 si-

12 2530 152 2599 mulque
168 2526 368 2585 interfuturus
386 2525 565 2585 athletarum
581 2527 755 2587 certaminis
772 2527 906 2599 ludicro,
926 2525 1010 2600 quod

14 2613 94 2675 eius
107 2607 217 2669 honori
231 2616 383 2668 sacratum
394 2625 412 2667 a
423 2608 631 2683 Neapolitanis
647 2617 703 2683 est,
718 2609 872 2685 processit
886 2611 916 2667 in
925 2610 1009 2667 Cam-

14 2693 160 2773 paniam.
191 2690 381 2766 Quamquam
397 2691 457 2750 iam
474 2700 575 2752 motus
598 2691 812 2753 imbecillitatis
833 2691 1041 2752 inclinatae-2

14 2795 86 2857 que
102 2777 132 2835 in
149 2774 283 2836 deterius
301 2774 451 2850 principia
468 2775 650 2837 valetudinis
670 2785 824 2848 senserat,
840 2784 940 2836 tamen
957 2775 1009 2835 ob-

14 2866 141 2925 nitente
165 2860 195 2917 vi
219 2857 312 2918 animi
334 2868 520 2934 prosecutus
544 2859 640 2920 tilium.
661 2860 884 2935 digressusque
909 2861 947 2919 ab
971 2874 1009 2918 eo

12 2943 193 3009 Beneventi
209 2941 278 3016 ipse
292 2942 400 3006 Nolam
415 2942 516 3018 petiit,
534 2951 564 3003 ct
577 2943 810 3019 ingravescente
825 2944 855 3003 in
873 2945 940 3004 dies
958 2958 1009 3001 va·

14 3029 161 3092 latudine
180 3042 248 3085 cum
264 3026 370 3099 sciret,
392 3025 462 3101 quis
478 3028 590 3089 volenti
608 3026 710 3089 omnia
723 3036 796 3104 post
812 3044 846 3088 sc
862 3029 948 3087 salva
963 3040 1009 3082 re-

14 3127 151 3175 manere
173 3110 381 3170 accersendus
404 3111 497 3182 toret,
522 3109 701 3171 festinanter
718 3108 877 3168 revocavit
899 3106 1009 3176 filium;

12 3198 75 3258 ille
91 3196 132 3255 ad
147 3199 265 3270 patrem
280 3192 396 3268 patriae
408 3199 569 3266 expectato
585 3191 736 3252 revolavit
750 3191 906 3250 maturius.
936 3190 1011 3248 Tum
1024 3194 1041 3246 3

16 3295 170 3342 securum
196 3294 230 3337 se
255 3277 415 3352 Augustus
441 3274 625 3350 praedicans
655 3273 922 3349 circumfususque
947 3291 1009 3333 am-

18 3362 170 3439 plexibus
192 3361 291 3420 Tiberi
316 3358 380 3432 sui,
409 3359 627 3419 commendans
652 3357 694 3417 illi
718 3374 774 3418 sua
796 3366 887 3432 atque
910 3357 1009 3434 ipsius

18 3462 124 3522 opera
139 3461 197 3505 nec
213 3443 379 3519 quicquam
394 3442 455 3502 lam
471 3443 509 3500 de
524 3441 594 3515 fine,
610 3441 637 3501 si
653 3443 714 3502 iata
729 3450 902 3517 poscerent,
923 3459 1009 3503 recu-

19 3547 117 3601 sam,
134 3530 327 3589 subreiectus
343 3525 441 3602 primo
458 3520 628 3600 conspectu
644 3526 843 3602 alloquioque
860 3524 1010 3587 carissimi

18 3612 87 3674 sibi
100 3611 235 3686 spiritus,
248 3628 321 3673 mox
333 3627 403 3672 cum
416 3626 536 3672 omnem
549 3604 651 3670 curam
665 3610 901 3684 latavincerent,
911 3610 941 3670 in
955 3624 1011 3668 sua
