2348 4222
26 366 36 393 ⁶
151 365 362 428 HISTORIAE
383 367 576 428 ROMANAE
596 370 637 444 II,
660 376 704 429 33.
718 375 762 430 at.
910 370 952 433 ³5

10 512 135 585 lfhlibet
148 536 293 595 magnum
310 527 465 580 auctorem
480 521 609 590 faceret;
627 522 698 580 data
712 521 792 581 enim
807 523 950 585 facultate

47 610 138 679 rapto
153 603 279 663 vivendi
292 604 409 679 rapinis
423 605 529 663 arcuit

10 683 178 749 XXXIII.
203 688 277 747 Cum
289 695 373 747 esset
387 705 417 746 ιιι
429 687 490 746 fine
500 687 612 746 bellum
623 687 712 746 Prra
692 695 794 760 reum,
811 690 884 749 etL
891 689 950 751 Lu·
967 701 980 751 l

11 766 24 806 s
51 786 75 843 a,
93 772 145 845 qui
160 787 198 830 an
199 778 230 831 te
244 778 363 845 septem
374 765 472 830 annos
485 785 524 828 ex
535 772 695 830 consulatu
707 771 833 831 sortitus
845 771 950 832 Asiam

10 817 129 925 {irritati
106 854 258 929 topposi
260 861 309 914 tus
325 861 389 914 erat
408 869 598 927 magnasque
615 869 652 912 ac
673 853 880 914 memorabilis
900 871 950 914 res

10 926 178 1025 gesserat,
192 937 349 997 Mithridat
337 945 388 997 ten
404 951 499 1011 saepe
513 937 615 996 multis
627 939 705 997 looIs
718 939 846 1011 fuderat,
863 954 949 1012 egre-

10 1006 183 1098 3¹Cyzicum
202 1020 347 1081 liberarat
365 1019 506 1093 vlotoria,
533 1021 698 1095 Tigranen,
724 1037 830 1096 regum
852 1023 948 1081 maxi

10 1099 58 1174 im,
73 1105 104 1162 In
115 1105 261 1163 ArmenIa
274 1104 389 1165 vlaerat
403 1103 599 1178 ultimamque
614 1106 694 1166 bello
709 1120 832 1164 manum
850 1121 948 1180 paene

10 1186 63 1261 igis
80 1189 242 1247 noluerat
234 1203 391 1262 rmponere
406 1203 497 1262 quam
511 1205 573 1249 non
588 1205 627 1263 po
630 1195 743 1263 tuerat,
766 1190 818 1263 qui
833 1189 948 1262 alioqui

10 1287 22 1328 r
34 1271 136 1330 omnia
150 1271 313 1331 laudabills
326 1279 355 1333 et
368 1272 449 1331 bello
466 1287 564 1353 paene
579 1272 708 1333 invictus
722 1273 873 1346 pecuniae
885 1275 947 1348 pel·

10 1362 82 1414 atur
98 1356 256 1429 cupidine,
284 1356 365 1414 idem
379 1356 492 1415 bellum
507 1355 607 1415 adbuc
623 1357 862 1428 administraret,
883 1356 947 1413 Μι-

10 1438 53 1498 ius
72 1439 210 1499 tribunus
226 1439 341 1512 plebis,
363 1454 486 1513 semper
502 1439 618 1498 venalis
634 1448 664 1499 et
678 1441 796 1499 alienae
811 1440 948 1497 minister

10 1522 134 1595 tentIae,
156 1525 254 1596 legem
275 1523 356 1593 tulit,
379 1531 412 1582 ut
431 1522 545 1582 bellum
565 1523 802 1581 Mithridaticum
824 1536 879 1594 per
895 1520 946 1580 Cn.

10 1605 142 1678 npeium
162 1605 433 1664 administraretur.
468 1607 606 1678 Accepta
627 1619 664 1663 ea
684 1604 867 1678 magnisque
883 1610 979 1662 cer-a

10 1703 58 1746 rm
80 1685 160 1746 inter
178 1689 381 1760 imperatores
403 1686 523 1760 iurgiis,
551 1703 618 1746 oum
640 1686 803 1762 Pompeius
817 1687 945 1748 Lucullo

10 1770 117 1830 milam
139 1771 303 1845 pecuniae,
329 1771 473 1830 Lucullus
487 1771 635 1844 Pompeio
656 1772 877 1831 interminatam
896 1788 946 1831 ou-

10 1855 121 1914 itatem
137 1854 282 1914 obiiceret
297 1853 413 1928 imperi,
428 1862 597 1929 neuterque
610 1856 649 1915 ab
665 1871 702 1916 eo
719 1873 780 1931 quo
796 1856 945 1928 argueba-

10 1985 16 2012 ,
34 1938 179 1998 mentitus
195 1936 281 2012 argui
297 1946 413 2012 posset.
443 1939 518 1997 Nam
532 1955 634 2012 neque
648 1939 823 2013 Pompeius,
839 1945 872 1998 ut
886 1940 946 2012 pri·
961 1943 979 1996 3

11 2038 42 2080 m
66 2021 105 2079 ad
126 2021 345 2097 rempublicam
366 2022 535 2095 adgressus
556 2029 618 2092 est,
648 2037 833 2095 quemquam
854 2037 947 2094 coquo

10 2121 63 2164 mo
80 2121 183 2179 parem
198 2105 280 2176 tulit,
302 2113 332 2164 et
346 2105 377 2162 in
391 2104 503 2177 quibus
518 2103 612 2161 rebus
634 2104 750 2175 primus
766 2118 837 2161 esse
854 2103 946 2162 delie-

17 2235 25 2263 ‚
56 2189 143 2248 solus
159 2203 231 2247 esse
253 2186 411 2260 cupiebat,
440 2200 541 2259 neque
563 2200 600 2244 eo
624 2185 687 2243 viro
710 2186 875 2260 quisquam
896 2192 949 2245 aut

10 2290 17 2330 ι
40 2270 146 2332 omnia
165 2270 266 2327 minus
281 2275 334 2327 aut
347 2269 475 2341 gloriam
490 2268 587 2342 magis
603 2271 772 2344 concupiit,
799 2271 829 2328 in
852 2270 946 2344 adpe-

10 2356 63 2414 dis
85 2352 256 2411 honoribus
277 2352 474 2424 immodicus,
501 2353 531 2410 in
553 2353 697 2425 gerendis
718 2353 946 2413 verecundissi-

10 2456 46 2509 S,
75 2443 109 2494 ut
129 2436 181 2508 qui
196 2451 250 2494 eos
271 2442 304 2494 ut
325 2435 523 2494 libentissime
544 2435 646 2507 iubet,
668 2436 709 2494 ita
729 2437 830 2495 liniret
845 2452 945 2512 aequo

10 2535 77 2590 nro,
93 2524 124 2575 et
139 2517 223 2590 quod
238 2518 390 2591 cupisset,
406 2516 528 2575 arbitrio
545 2534 602 2576 suo
619 2525 760 2588 sumeret,
778 2520 877 2579 alieno
894 2521 946 2578 de-

10 2608 109 2670 teret,
126 2606 156 2659 et
169 2600 322 2674 Lucullus,
339 2615 475 2660 summus
490 2600 605 2673 alioqui
620 2601 679 2673 vir,
696 2603 841 2673 profusae
855 2602 976 2662 huiusi

10 2682 157 2746 redifioiis
181 2680 435 2757 convictibusque
457 2690 487 2742 et
507 2684 706 2758 apparatibus
727 2685 865 2743 luxuriae
885 2684 946 2758 pri-

10 2786 23 2829 s
39 2774 151 2827 auctor
165 2765 228 2839 fuit,
246 2783 336 2840 quem
352 2767 391 2828 ob
408 2768 534 2827 iniectas
549 2769 638 2827 moIIs
655 2768 729 2825 mari
745 2776 775 2827 et
788 2775 945 2842 receptum

10 2851 108 2913 fossis
128 2850 282 2909 montibus
304 2851 334 2908 in
355 2859 453 2911 terras
468 2867 551 2910 mare
567 2852 648 2911 baud
672 2852 801 2912 infacete
816 2852 944 2926 Magnus

10 2935 126 3010 npeius
141 2934 265 2992 Xerxen
280 2941 417 3006 togatum
433 2951 545 3011 vocare
560 2942 750 2995 assueverat.

39 3018 177 3078 XXXIV.
207 3017 264 3076 Per
280 3016 310 3075 id
331 3023 487 3091 tempusa
503 3019 535 3092 Q.
551 3020 673 3079 Metello
690 3020 777 3077 Creta
799 3021 900 3076 insula
914 3018 944 3073 iu
961 3024 975 3074 l

10 3103 68 3176 puli
92 3101 224 3160 Romani
253 3105 434 3173 potestatem
462 3103 587 3159 redacta
613 3111 674 3172 est,
706 3117 786 3172 quae
813 3097 944 3156 ducibus

10 3200 77 3247 aare
97 3192 128 3244 et
141 3183 295 3242 Lasthene
317 3190 460 3256 quattuor
480 3191 510 3242 et
529 3183 635 3254 viginti
657 3182 778 3238 milibus
800 3181 943 3241 iuvenum

10 3268 76 3328 rotis
97 3268 259 3327 velocitate
281 3266 471 3340 pernicibus,
495 3282 645 3324 armorum
670 3264 868 3337 laborumque
890 3282 943 3340 pa=

10 3352 166 3425 otissimis,
189 3350 365 3424 sagittarum
388 3367 445 3408 usu
467 3350 687 3419 celeberrimis,
711 3364 765 3422 per
782 3349 942 3409 triennium

10 3452 117 3496 manos
134 3435 286 3494 exereitus
300 3434 478 3505 fatigaverat
507 3433 550 3490 Ne
563 3434 600 3491 ab
612 3435 701 3492 buius
715 3433 837 3505 quidem
851 3451 943 3493 usura
957 3441 974 3491 2

10 3518 75 3581 itae
90 3519 272 3594 temperavit
286 3517 417 3576 animum
434 3519 485 3578 Cn.
500 3516 677 3592 Pompeiae,
702 3518 773 3589 quin
798 3519 943 3577 victoriae

10 3608 77 3665 rtem
103 3609 268 3664 conaretur
292 3602 465 3670 vindicare;
496 3601 552 3660 sed
580 3610 609 3661 et
632 3601 750 3660 Luculli
776 3609 806 3660 et
831 3600 941 3659 llfletelli

734 3683 774 3742 3*
