2348 4222
153 389 366 449 msroarna
386 389 581 452 neumas
603 391 644 467 n,
667 399 711 452 ro.
887 390 931 453 aa

88 556 141 599 rm.
178 541 228 600 Ah
249 541 359 601 eodem
382 541 462 600 iacta
478 542 632 614 [Numidia
648 545 819 617 procincta,
838 551 963 619 equat

88 641 264 698 >coenoman
278 628 383 684 vatata
398 632 525 699 partum
546 625 695 685 detulerat
706 627 853 698 Metellus]
868 628 929 687 Nu-

124 708 256 767 Ciliciam
277 708 452 783 perdomuit
473 707 644 780 Isauricus,
670 714 793 782 etpost
816 711 930 771 beilum

92 807 162 850 num
177 792 276 851 Vulso
291 791 423 850 Manlius
440 791 689 865 Gallograeciam.
721 791 880 868 Bithynia,
896 801 930 854 ut

88 892 171 946 mm,
196 881 380 935 testamento
406 874 581 933 Nicomedis
605 874 712 933 relicta
736 874 929 935 hereditaria

88 965 214 1032 agustus
237 964 358 1032 praeter
372 957 538 1030 Hispanias
553 957 692 1030 aliasque
712 959 828 1030 gentis,
855 975 930 1033 qua·

88 1043 118 1100 is
132 1042 230 1101 lorum
243 1041 311 1100 eius
323 1041 480 1114 praenitet,
492 1057 590 1114 pocae
604 1041 682 1100 idem
693 1041 773 1100 iacta
783 1043 929 1118 Aegypto

88 1126 154 1198 tria,
171 1133 317 1198 quantum
332 1130 418 1198 pater
432 1123 499 1183 eius
516 1124 620 1183 Galliis
637 1124 666 1181 in
682 1125 832 1183 aerarium
847 1126 928 1184 redi-

88 1208 143 1267 rlit.
167 1209 207 1267 At
217 1209 259 1266 Ti.
270 1209 389 1281 Caesar,
407 1223 498 1284 quarn
513 1214 626 1266 certam
637 1207 782 1280 Hispanis
798 1205 961 1282 perendie

88 1307 173 1348 onem
189 1298 360 1352 extorserat
374 1306 504 1365 parens,
522 1288 634 1366 illyriis
650 1290 860 1366 Delmatisque
875 1307 928 1351 ex-

88 1375 229 1433 thaetiam
250 1383 350 1434 autem
365 1382 396 1434 et
408 1374 589 1433 Vindelicos
612 1389 648 1432 ac
664 1373 793 1433 Noricos
807 1374 927 1434 Panno-

107 1465 137 1515 et
158 1457 342 1518 Scordiscos
364 1474 462 1517 novas
483 1456 612 1531 imperio
638 1466 744 1516 nostro
772 1457 930 1516 subiunxit

88 1558 137 1609 ns;
166 1548 201 1599 ut
224 1542 281 1600 has
307 1542 415 1613 armis,
443 1542 483 1598 ita
505 1540 684 1599 auctoritate
700 1539 929 1612 Cappadociam

88 1626 215 1682 lornano
231 1624 303 1682 iecit
323 1621 562 1696 stipendiariam.
596 1620 659 1680 Sed
677 1629 867 1681 revertamur
888 1621 929 1681 ad

115 1788 228 1848 Secuta
243 1789 355 1848 deinde
371 1789 421 1847 Cn.
433 1786 560 1862 Pompei
574 1786 693 1859 militia,
712 1788 828 1861 gloriae
842 1788 959 1849 labo-1

92 1873 164 1930 ioris
186 1873 332 1931 incertum
349 1879 405 1931 est.
437 1871 616 1931 Penetratae
631 1888 700 1931 cum
720 1872 849 1932 victoria
862 1871 927 1931 Me-

88 1956 169 2027 ania,
186 1956 300 2024 Iberia;
323 1956 435 2015 deinde
450 1953 565 2013 flexum
581 1970 689 2028 agmen
706 1955 814 2013 adeas
830 1955 927 2014 natio-

88 2055 119 2096 re
143 2039 251 2098 dextra
272 2048 364 2113 atque
385 2040 489 2096 intima
508 2037 596 2095 Ponti
616 2036 767 2109 incolunt,
795 2037 926 2096 Colchos

88 2137 184 2194 isque
207 2129 237 2180 et
250 2122 408 2190 Achaeos,
431 2126 463 2176 et
482 2133 654 2190 oppressus
676 2117 825 2188 auspiciis
838 2118 925 2176 Pom-

88 2205 152 2261 .diis
174 2204 216 2259 fili
236 2201 403 2259 Pharnacis
417 2199 624 2271 Mithridates,
647 2198 770 2257 ultimus
793 2199 928 2259 omnium

109 2300 214 2356 regum
238 2291 359 2358 praeter
379 2283 546 2342 Parthicos.
579 2282 653 2342 Tum
675 2281 774 2342 victor
794 2283 960 2343 omniurnt

90 2368 165 2425 ierat
189 2367 323 2440 gentium
342 2366 506 2442 Pompeius
527 2381 648 2441 suoque
669 2373 700 2424 et
721 2367 832 2426 civium
853 2373 927 2426 voto

103 2452 271 2523 peremnia
286 2452 437 2510 fortunam
451 2449 582 2509 hominis
598 2465 745 2524 egressus
758 2451 883 2511 revertit
896 2450 927 2509 in

92 2534 185 2592 Cuius
196 2534 325 2592 reditum
338 2533 535 2591 favorabilem
548 2534 651 2606 opinio
664 2534 794 2602 laceram
812 2535 928 2609 quippe
941 2542 959 2595 3

108 2634 169 2676 non
191 2618 257 2675 sine
279 2617 416 2675 exercitu
436 2624 594 2675 venturum
616 2617 647 2672 in
662 2616 769 2674 urbem
785 2617 927 2677 adfirma-

88 2701 204 2759 iberlati
220 2700 361 2774 publicae
377 2707 558 2759 statutarum
573 2697 696 2757 arbitrio
713 2715 770 2758 suo
785 2699 928 2769 modum;

88 2785 118 2841 is
135 2783 194 2842 hoc
210 2783 350 2842 homines
365 2783 540 2855 timuerant,
556 2799 594 2843 eo
610 2783 726 2856 gratior
741 2780 839 2841 civilis
853 2783 928 2842 tanti

88 2866 136 2925 ris
157 2867 274 2926 reditus
296 2868 364 2925 luit:
387 2867 469 2927 omni
491 2867 606 2943 quippe
620 2867 775 2926 Brundusi
797 2865 926 2926 dimisso

101 2949 174 3008 nihil
195 2959 317 3023 praeter
340 2967 450 3010 nomen
475 2950 668 3025 imperatoris
693 2951 830 3010 retinens
856 2966 927 3010 cum

88 3033 231 3093 comitatu
252 3050 344 3107 quem
365 3049 488 3108 semper
509 3035 550 3092 illi
570 3051 669 3095 secam
689 3036 811 3094 trahere
830 3032 927 3091 moris

88 3119 184 3175 rrhem
199 3118 289 3177 rediit
309 3116 708 3192 magnificentissimumque
723 3117 762 3173 dc
781 3119 827 3173 tot
846 3113 927 3185 regi-

88 3201 214 3259 hiduum
230 3200 292 3272 egit
310 3200 495 3273 triumphum
514 3201 668 3270 longeque
682 3197 828 3254 maiorem
844 3196 927 3254 omni

91 3286 171 3341 olata
187 3282 319 3356 pecunia
332 3280 362 3339 in
378 3281 545 3352 aerarium,
563 3285 777 3353 praeterquam
791 3277 925 3353 aPaulo,

88 3367 153 3425 rhiis
176 3365 281 3425 intulit.
314 3364 453 3424 Absente
468 3363 520 3422 Cn.
535 3361 682 3436 Pompeio
702 3362 733 3421 T.
749 3363 882 3437 Ampius
896 3370 926 3424 et
940 3364 959 3416 4

88 3467 142 3508 nus
159 3449 269 3508 tribuni
286 3448 384 3522 plebis
400 3447 498 3520 legem
512 3448 659 3519 tulerunt,
676 3455 709 3508 ut
722 3448 749 3508 is
764 3447 845 3508 ludis
861 3445 924 3506 Cir·

105 3550 219 3592 corona
236 3532 339 3591 laurea
355 3539 385 3591 et
402 3530 483 3590 omni
498 3532 580 3591 cultu
595 3530 843 3605 triumphantium
858 3537 924 3589 ute·

88 3617 195 3676 zenieis
210 3623 310 3674 autem
325 3619 483 3689 praetexta
497 3629 674 3689 coronaque
694 3630 805 3685 aurea;
827 3613 860 3672 id
873 3611 924 3671 ille
