2348 4222
243 342 454 404 HISTORIAE
475 343 669 405 Romanor:
690 347 731 421 11,
754 355 798 411 90.
974 349 1016 410 69

85 496 207 565 sessim
232 496 319 569 leges
335 494 514 555 emendatae
528 496 655 569 utiliter,
671 497 750 557 latae
765 499 941 570 salubriter;
965 516 1013 560 se-

82 598 116 642 ns
134 579 201 640 sine
217 579 397 653 asperitate,
423 593 480 638 nec
495 579 562 638 sine
579 580 742 640 severitate
763 583 872 643 lectus.
899 582 1014 644 Princi—

106 665 168 724 viri
196 661 421 738 triumphisque
448 669 479 722 et
503 663 701 736 amplissimis
728 663 898 726 honoribus
919 668 1014 728 iuncti

82 755 148 811 latu
163 746 313 821 principis
327 747 368 806 ad
383 747 552 807 ornandam
572 748 678 808 urbem
700 748 802 807 inlecti
822 757 901 809 sunt.
936 749 1012 811 Con·
1029 758 1045 811 5

82 841 147 894 ltus
160 831 370 891 tantummodo
386 845 488 905 usque
510 831 549 889 ad
571 832 781 905 undecimum,
810 849 900 908 quem
918 837 1013 895 conti-

83 916 265 989 retCaesar,
282 931 350 975 eum
366 930 461 990 saepe
474 913 616 974 obnitens
629 924 843 990 repugnasset,
858 917 1013 992 impetrari

82 1001 141 1063 uit=
168 1016 238 1058 nam
263 999 444 1059 dictaturam
472 1015 562 1074 quarn
588 999 786 1073 pertinaciter
806 1000 834 1060 ei
857 1000 1013 1060 deserebat

82 1085 179 1156 tulus,
203 1090 263 1143 tem
289 1090 466 1143 constanter
486 1081 607 1156 repulit.
640 1084 726 1143 Bella
747 1084 805 1144 sub
827 1085 1044 1158 imperatoreti

82 1176 113 1229 ta
129 1175 322 1242 pacatusque
340 1167 476 1227 victoriis
491 1173 641 1227 terrarum
657 1168 741 1226 orbis
754 1174 783 1227 et
797 1174 841 1229 tot
857 1176 943 1228 extra
954 1169 1010 1229 lta·

82 1270 91 1312 t
109 1251 256 1326 domique
270 1265 367 1325 opera
383 1266 473 1312 omne
493 1251 561 1310 aevi
583 1250 632 1311 sui
649 1250 781 1326 spatium
801 1252 1012 1326 impensurum

82 1339 100 1396 d
118 1337 219 1396 solum
236 1352 316 1410 opus
333 1336 513 1411 scriptorem
535 1335 676 1408 fatigent:
698 1351 755 1395 nos
771 1351 924 1396 memores
940 1353 1010 1411 pro-

82 1421 172 1480 rionis
184 1420 359 1479 universam
375 1419 743 1493 imaginemprincipatus
757 1420 823 1479 eius
838 1418 935 1478 oculis
948 1419 1011 1477 ani-

83 1519 148 1580 que
164 1503 361 1562 subiecimus.

108 1585 170 1643 XC.
196 1584 347 1658 Sepultis,
372 1592 406 1644 ut
425 1585 651 1658 praediximus,
672 1585 760 1644 bellis
778 1582 918 1643 ciuilibus
942 1596 1043 1647 coa-1

82 1668 279 1742 tentibusquc
301 1666 490 1741 reipublicae
515 1667 660 1727 membris
685 1676 719 1727 ut
739 1667 906 1727 concordie
928 1667 1012 1728 inva-

82 1769 125 1825 ²e,
168 1767 248 1826 quae
283 1757 344 1810 tam
379 1753 471 1825 longa
502 1767 657 1812 armorum
686 1751 785 1812 series
813 1752 1011 1824 laceraverat,

82 1836 173 1896 matie
199 1851 297 1896 annos
322 1834 428 1909 viginti
453 1842 483 1895 et
507 1836 657 1896 ducentos
682 1835 805 1895 rebellis
832 1836 872 1895 ad
898 1844 1011 1896 certam

85 1920 253 1979 sessionem
275 1925 385 1994 pacata
405 1926 453 1979 est
473 1917 598 1994 imperi;
623 1921 721 1994 Alpes
747 1920 821 1979 ieris
846 1921 1012 1994 multisque

82 2004 201 2064 ionibus
225 2003 364 2063 celebres
386 2004 592 2077 perdomitae;
617 2003 786 2077 Hispaniae
807 2019 890 2061 nunc
912 2004 1011 2076 ipsius

82 2088 213 2162 esentia,
234 2103 316 2146 nunc
330 2087 504 2160 Agrippae,
527 2100 616 2157 quem
638 2099 740 2158 usque
757 2084 787 2140 in
802 2083 924 2142 tertium
939 2100 1011 2143 con-

82 2179 155 2230 ttum
177 2177 207 2229 et
226 2185 300 2228 mox
322 2169 484 2241 collegium
505 2166 684 2226 tribuniciae
705 2167 865 2240 potestatis
883 2166 1013 2225 amicitia

82 2255 175 2328 rcipis
187 2257 342 2324 evexerat,
355 2252 449 2311 multo
461 2249 611 2324 varioque
617 2250 714 2309 Marte
726 2254 865 2324 pacatae.
887 2250 921 2308 ln
934 2265 1012 2325 quas
1026 2264 1043 2317 2

83 2338 201 2397 vincias
217 2352 286 2395 curn
307 2335 391 2396 initio
407 2333 554 2409 Scipione
569 2341 599 2395 et
613 2333 798 2409 Sempronio
814 2333 921 2409 Longo
938 2349 1010 2394 con-

84 2423 144 2480 bus
166 2420 265 2497 primo
287 2436 368 2480 anno
390 2419 518 2479 secundi
539 2417 611 2478 belli
628 2417 750 2492 Punici,
778 2417 889 2478 abhinc
911 2434 1010 2479 annos

82 2509 176 2561 :entes
200 2503 434 2575 quinquaginta,
458 2501 589 2560 Romani
616 2503 770 2561 exercitus
793 2501 881 2563 missi
907 2511 1012 2562 essent

82 2601 105 2644 :e
121 2585 174 2644 Cn.
191 2583 354 2659 Scipione,
375 2581 513 2642 Africani
528 2588 651 2656 patruo,
674 2599 730 2658 per
746 2600 844 2644 annos
860 2585 1009 2646 ducentos

82 2668 117 2728 ris
133 2670 228 2728 multo
241 2674 408 2742 mutuoque
422 2666 464 2726 ita
476 2673 622 2727 certatum
637 2673 684 2727 est
698 2667 857 2741 sanguine,
872 2675 906 2727 ut
920 2667 1010 2728 amis-

93 2753 200 2828 pcpuli
221 2751 351 2812 Romani
374 2750 612 2826 imperatoribus
635 2750 887 2826 exercitibusque
915 2767 1011 2826 saepe

85 2838 223 2908 tumelia,
240 2852 459 2911 nonnunquam
475 2835 563 2895 etiam
580 2835 748 2909 periculum
764 2837 903 2896 Romano
919 2836 1010 2896 inier-

81 2939 106 2979 1r
123 2922 261 2995 imperio.
297 2921 369 2979 Illae
393 2919 473 2978 enim
493 2917 672 2994 provinciae
688 2918 851 2994 Scipiones
868 2936 1010 2981 consum·
1025 2929 1042 2983 3

83 3013 168 3072 runt;
197 3005 267 3064 illae
292 3004 515 3064 contumelioso
542 3004 648 3063 decem
675 3021 823 3064 annorum
849 3004 930 3064 bello
952 3004 1009 3063 sub

85 3107 103 3148 e
119 3089 259 3149 Viriatho
275 3089 407 3148 maiores
423 3094 548 3148 nostros
563 3096 781 3161 exercuerunt,
803 3086 873 3145 illae
894 3094 1010 3145 terrore

82 3173 196 3232 nantini
213 3172 449 3248 bellipcpulum
460 3171 631 3231 Romanum
647 3176 886 3236 concusserunt,
905 3166 1009 3228 inillis

82 3273 113 3316 >c
130 3257 163 3330 Q.
177 3257 302 3330 Pompei
319 3255 428 3315 foedus
448 3255 632 3329 turpiusque
645 3251 779 3311 Mancini
800 3259 924 3312 senatus
941 3268 1010 3312 cum

82 3339 192 3402 ominia
208 3340 302 3399 dediti
322 3339 515 3414 imperatoris
531 3337 672 3407 rescidit;
693 3337 744 3396 illa
766 3343 810 3396 tot
827 3335 1009 3410 consuleris.

83 3424 257 3500 praetorios
275 3423 448 3497 absumpsit
463 3423 557 3481 duces
574 3428 756 3497 patrumque
772 3428 870 3481 aetate
891 3420 922 3480 in
943 3427 1008 3480 tan-

82 3533 85 3566 t
103 3508 273 3568 Sertorium
294 3506 386 3567 armis
402 3506 523 3580 extulit,
544 3513 579 3566 ut
599 3520 655 3580 per
675 3504 914 3580 quinquennium
930 3503 1007 3563 diiu-

82 3593 122 3651 ari
145 3607 205 3651 non
228 3592 373 3666 potuerit,
400 3590 547 3666 llispanis
561 3588 749 3650 Romanisne
770 3589 800 3648 in
822 3589 913 3650 armis
939 3588 1008 3661 plus
