2348 4222
162 348 203 410 26
430 344 470 401 M.
492 342 636 401 VELLEI
657 338 873 399 PATERCULI

134 499 217 559 aviri
234 496 401 571 perductus
418 502 474 551 est.
510 492 560 550 Ad
576 506 667 565 quem
681 488 923 548 interficiendum
942 487 1057 544 missus

163 581 265 656 gladio
292 593 400 636 servus
427 575 568 651 publicus
593 574 715 633 natione
732 574 916 643 Germanus,
942 570 993 642 qui
1013 570 1068 649 fort

164 666 349 737 imperatore
364 676 400 719 eo
416 659 497 718 bello
512 656 660 717 Cimbrico
677 662 785 729 captus
802 662 880 727 erat,
896 658 928 711 ut
942 649 1068 725 agnovit

164 746 256 820 rium,
271 759 383 817 magno
395 743 508 801 eiulatu
516 741 704 815 exprimente
715 738 955 812 indignationem
967 751 1058 795 casus

134 830 237 902 deiri,
264 828 382 887 abiecto
409 826 511 899 gladio
538 824 672 897 profugit
696 838 714 881 e
736 837 869 880 carcerc.
900 821 974 879 Turn
990 817 1068 876 cives

164 914 254 973 hoste
266 909 404 969 misereri
419 908 511 982 paulo
528 913 598 965 aule
613 904 761 979 principis
776 904 832 963 viri
848 904 944 974 docti,
966 904 1069 960 lustru·

165 1012 235 1056 eum
256 993 366 1053 viatico
387 993 570 1064 conlataque
590 997 677 1048 veste
692 989 721 1047 in
738 1004 844 1046 navem
867 988 1065 1059 imposuerun

165 1080 215 1137 ille
231 1077 395 1137 adsecutus
422 1075 502 1132 circa
516 1073 680 1131 Aenariam
700 1072 794 1131 lilium
818 1085 941 1128 cursum
966 1069 996 1127 in
1012 1070 1068 1126 Alr

166 1159 276 1220 direxit
287 1160 472 1233 inopemque
482 1157 575 1215 vitam
586 1154 616 1214 in
624 1153 744 1229 tugurio
757 1155 912 1213 ruinarum
920 1152 1069 1225 Carthagir

166 1244 245 1305 sium
267 1242 423 1313 toleravit,
444 1256 513 1299 cum
533 1239 649 1298 Marius
669 1239 824 1311 aspiciens
848 1235 1061 1308 Carthaginem

166 1328 287 1388 intuens
302 1325 447 1395 Marium,
465 1323 641 1381 alteralteri
657 1329 788 1405 possent
802 1337 873 1379 esse
889 1320 1010 1378 solatio.

139 1425 155 1476 1
250 1410 314 1469 XX.
356 1409 424 1467 Hoc
444 1405 574 1481 primum
593 1422 674 1466 anno
696 1404 845 1478 sanguino
867 1403 1005 1461 consulis
1019 1402 1067 1460 Ro

166 1492 268 1553 militis
293 1492 426 1550 imbutae
443 1506 552 1547 manus
579 1497 666 1558 sunl;
694 1489 809 1562 quippe
823 1485 1006 1560 Pompeius,
1033 1501 1069 1544 co

168 1575 285 1649 Sullae,
302 1575 340 1633 ab
353 1573 489 1633 exercitu
501 1573 553 1631 Cn.
565 1572 691 1645 Pompei
703 1569 899 1646 proconsulis
915 1569 1068 1629 seditione

137 1671 261 1732 equam
274 1658 337 1716 dux
352 1663 525 1727 creaverat,
539 1656 716 1714 interiectus
730 1661 785 1713 cst.
799 1651 868 1690 ***
897 1652 965 1711 Non
981 1651 1070 1711 eratll

168 1740 369 1813 Sulpicioque
394 1739 488 1796 Cinna
512 1738 718 1811 temperatior.
752 1738 859 1810 Itaque
880 1752 950 1795 cum
976 1736 1017 1794 ita
1043 1734 1070 1793 ci

166 1823 271 1881 ltaliae
287 1821 358 1879 data
372 1828 470 1893 esset,
495 1819 574 1880 utin
589 1826 658 1879 octo
674 1820 772 1878 tribus
795 1818 1063 1878 contribuerentur

165 1905 267 1978 cives,
283 1920 322 1961 ne
336 1903 472 1978 potentia
487 1919 592 1961 eorum
608 1911 637 1962 et
647 1903 804 1962 multitudo
821 1910 957 1961 veterum
974 1901 1071 1960 civiun

163 1988 309 2062 gnitatem
324 1988 478 2060 frangeret
492 1988 625 2060 plusque
639 1993 768 2059 possent
780 1986 895 2059 recepti
915 1984 947 2043 in
967 1983 1070 2044 beneli

167 2087 258 2146 quam
280 2077 423 2130 auctores
446 2069 592 2143 benefici,
615 2070 708 2128 Cinna
725 2066 753 2126 in
776 2068 916 2128 omnibus
938 2068 1071 2128 tribubus

133 2157 201 2213 3se
216 2153 445 2215 distributurum
460 2152 612 2226 pollicitus
628 2160 684 2211 est.
714 2152 780 2224 Quo
795 2154 918 2212 nomine
933 2152 1071 2226 ingenter

166 2239 225 2295 lius
240 2237 345 2297 ltaliae
358 2234 561 2309 frequentiam
572 2235 602 2293 in
617 2237 722 2293 urbem
738 2236 899 2294 acciverat.
927 2234 952 2292 E
967 2251 1030 2309 qua
1042 2250 1071 2307 pt

167 2318 304 2391 collegae
326 2317 578 2391 optimatiumque
598 2318 714 2376 viribus
734 2319 850 2377 cumin
872 2317 1071 2390 Campaniam

165 2401 266 2471 deret,
289 2415 330 2457 ex
344 2398 522 2459 auctoritate
537 2408 663 2460 senatus
678 2403 856 2460 consulatus
878 2402 906 2459 ei
921 2400 1072 2472 abrogato

164 2482 378 2557 suffectusque
398 2480 429 2540 in
451 2483 518 2542 eius
538 2485 640 2543 locum
661 2483 694 2541 L.
717 2483 875 2543 Cornelius
896 2482 1015 2543 Merula
1038 2482 1072 2541 lle

165 2566 270 2625 dialis=
296 2565 374 2625 haec
399 2565 509 2624 iniuria
528 2565 651 2625 homine
675 2583 767 2640 quam
788 2568 931 2640 exemplo
947 2563 1071 2638 dignior

135 2648 157 2710 4
168 2651 242 2709 Tum
251 2649 344 2708 Cinna
356 2650 509 2721 corruptis
520 2649 620 2722 primo
633 2649 862 2709 centurionibus
875 2665 911 2708 ac
923 2649 1061 2720 tribunis,

165 2732 256 2791 etiam
271 2747 328 2804 spe
344 2730 512 2804 largitionis
538 2731 696 2805 militibus,
718 2734 756 2792 ab
778 2749 816 2792 co
838 2730 978 2791 exercitu
1001 2731 1072 2805 quit

165 2814 272 2872 Nolam
287 2821 367 2885 erat,
380 2820 525 2888 receptus
540 2822 597 2874 est.
625 2815 655 2873 ls
668 2830 735 2873 cum
752 2815 916 2875 universus
927 2815 959 2872 in
974 2814 1072 2872 verba

166 2897 313 2967 iurasset,
338 2897 473 2955 retinens
489 2896 620 2970 insignia
635 2899 812 2957 consulatus
839 2896 958 2972 patriae
977 2897 1073 2956 bellur

164 2980 244 3049 tulit,
272 2979 367 3038 fretus
393 2978 508 3052 ingenti
533 2996 660 3039 numero
682 2997 831 3041 novorum
854 2979 967 3039 civium
988 2995 1073 3055 equ<

165 3063 286 3122 delectu
306 3069 459 3122 trecentas
483 3063 614 3137 amplius
634 3063 770 3123 cohortis
792 3064 1023 3137 conscripserat
1044 3077 1073 3121 ar

135 3146 247 3219 aginta
261 3146 414 3220 legionum
434 3146 531 3206 instar
545 3146 733 3221 impleverat.
762 3146 848 3221 Opus
860 3154 926 3206 erat
939 3147 1073 3221 partibus

165 3229 318 3301 ctoritate,
339 3232 451 3304 gralia,
467 3231 554 3290 cuius
575 3232 736 3303 augendae
755 3232 785 3289 C.
801 3230 931 3289 Marium
946 3246 1018 3289 cum
1033 3229 1073 3288 iili

164 3309 255 3369 exilio
270 3313 444 3384 revocavit,
459 3315 574 3388 quique
589 3328 658 3373 cum
676 3313 713 3372 iis
729 3313 809 3388 pulsi
824 3321 921 3373 erant.

135 3401 149 3452 1
247 3392 325 3453 XXI.
369 3394 449 3453 Dum
468 3395 581 3457 bellum
603 3403 703 3456 autem
719 3398 811 3456 infert
829 3393 949 3471 patriae
965 3396 1074 3469 Cinna,

163 3472 346 3548 Pompeius,
361 3474 464 3551 Magni
481 3487 580 3553 pater,
597 3480 684 3539 euius
697 3482 858 3555 praeclara
872 3496 971 3555 opera
982 3476 1074 3538 bello]

165 3557 231 3618 sico
248 3561 415 3634 praecipue
432 3561 513 3621 circa
530 3561 675 3623 Picenum
690 3580 811 3638 agrurn,
834 3570 867 3625 ut
880 3561 1074 3639 praescripsi
