2348 4222
173 408 213 469 12
459 406 499 464 ll.
515 404 656 464 lOELLEI
670 403 886 463 PATERCULI

170 574 276 649 viginti
297 587 395 632 annos
420 572 451 630 in
467 571 632 644 Bagiennis
649 569 804 642 Eporedia
825 568 920 626 llario
944 569 1066 626 sexiens
1091 571 1150 625 Va-

171 658 309 731 lerioque
323 655 434 715 Flacco
451 655 639 713 consulibus.
668 653 774 727 Neque
790 653 879 709 lacile
890 652 1054 711 memoriae
1068 667 1151 709 man-

172 739 318 811 daverim,
335 755 423 813 quac,
440 737 498 795 nisi
510 737 654 809 militaris,
672 734 816 810 posthoc
830 742 950 808 tempus
963 734 1092 791 deducta
1104 734 1152 792 sit.

140 829 156 879 1
255 823 335 881 XVI.
376 821 448 886 (lum
463 820 540 879 haec
562 821 708 894 particula
725 817 827 891 operis
845 819 925 877 velut
941 818 1066 876 tonnam
1084 832 1153 888 pro-

172 906 266 982 positi
288 905 472 975 excesserit,
500 920 685 977 quamquam
710 901 851 974 intellego
878 899 950 958 mihi
971 898 1002 957 in
1023 899 1156 957 hactum

173 988 335 1065 praecipiti
346 988 554 1059 testinatione,
576 1002 654 1061 qnae
669 1001 717 1043 me
731 992 816 1044 rotae
833 984 960 1057 pronive
975 981 1102 1055 gurgitis
1119 998 1157 1040 ac

172 1073 298 1132 verticis
322 1072 415 1131 modo
430 1086 582 1143 nusquam
612 1070 721 1144 patitur
740 1068 922 1139 consistere,
945 1081 1043 1140 paene
1059 1067 1159 1139 magis

174 1155 352 1215 necessaria
368 1154 591 1228 praetereunda
611 1169 703 1227 quarn
725 1166 919 1225 supervacua
934 1149 1157 1222 amplectenda,

175 1254 297 1313 nequeo
318 1244 419 1296 tamen
437 1244 608 1310 temperare
621 1235 710 1309 mihi,
736 1235 808 1309 quin
824 1250 890 1292 rem
903 1248 998 1307 saepe
1014 1234 1159 1305 agitatam

175 1322 276 1381 animo
292 1337 360 1381 meo
377 1321 530 1394 nequead
544 1318 693 1395 liquidum
708 1317 826 1377 ratione
843 1317 1021 1391 perductam
1037 1316 1159 1391 signem

141 1406 255 1471 nstilo.
285 1404 359 1478 Quis
376 1405 455 1463 enim
480 1402 602 1462 abunde
616 1403 718 1462 mirari
733 1408 848 1476 potest,
879 1400 963 1473 quod
983 1398 1158 1459 eminentis·

176 1488 253 1546 sima
265 1489 415 1563 cuiusque
430 1487 635 1561 professionis
650 1487 771 1560 ingenia
791 1486 822 1543 in
844 1483 974 1543 eandem
985 1484 1114 1542 sormam
1127 1488 1158 1541 el

175 1572 205 1629 in
219 1570 301 1629 idern
315 1572 402 1630 artati
417 1569 564 1644 temporis
577 1576 782 1644 congruerunt
796 1569 943 1643 spatium,
965 1574 995 1625 et
1011 1565 1156 1642 quemad-

175 1654 300 1712 modum
322 1657 428 1712 clausa
455 1669 550 1727 capso
574 1655 696 1728 alioque
722 1660 810 1727 septo
829 1649 943 1710 diversi
957 1650 1080 1724 generis
1096 1650 1160 1708 ani-

175 1736 267 1794 malia
281 1736 477 1794 nihilominus
493 1744 637 1809 separata
649 1736 755 1794 alicnis
779 1736 809 1794 in
824 1752 918 1796 unum
935 1750 1077 1809 quaeque
1093 1748 1161 1792 cor·

175 1834 236 1893 pus
253 1824 486 1891 congregantur,
501 1818 544 1876 ita
559 1820 707 1891 cuiusque
724 1818 798 1876 clari
813 1817 917 1892 operis
934 1819 1062 1892 capacia
1077 1818 1161 1891 inge-

175 1902 228 1959 nia
242 1900 272 1958 in
295 1899 491 1959 similitudine
513 1909 542 1960 et
557 1906 727 1974 temporum
743 1908 772 1960 et
788 1902 978 1975 profectuum
994 1901 1164 1975 semetipsa

145 1984 217 2049 aab
247 1984 314 2042 aliis
343 1989 573 2057 separaverunt.
609 1985 677 2044 Una
704 2000 805 2057 neque
826 1986 988 2044 multorum
1011 2000 1163 2043 annorum

179 2067 278 2140 spatio
301 2067 400 2126 divisa
420 2074 504 2126 aetas
527 2083 582 2140 per
597 2068 690 2125 divini
706 2068 832 2141 spiritus
849 2068 943 2142 viroS,
958 2069 1161 2146 Aeschylum,

180 2150 364 2224 Sophoclem
373 2150 550 2225 Euripiden,
565 2151 734 2210 inlustravit
744 2152 942 2224 tragoediam,
954 2167 1016 2211 uua
1026 2154 1163 2226 priscam

178 2233 260 2293 illam
276 2239 305 2292 et
319 2241 454 2292 veterem
467 2234 524 2292 sub
538 2234 667 2306 Cratino,
678 2234 888 2309 Aristophane
903 2242 932 2294 et
945 2236 1102 2309 Eupolide
1113 2252 1160 2294 co-

177 2317 345 2383 moediam;
367 2332 403 2373 ac
424 2331 536 2373 novam
552 2318 722 2388 [comicam]
739 2317 925 2378 Menandrus
953 2320 1160 2393 aequalesque

179 2398 246 2459 eius
270 2399 377 2456 aetatis
401 2413 463 2455 non
478 2400 576 2471 magis
592 2416 683 2473 quarn
698 2401 801 2474 operis
816 2400 952 2460 Philemo
971 2418 1008 2460 ac
1020 2402 1164 2477 Diphilus

179 2487 209 2539 et
222 2481 368 2540 invenere
379 2481 457 2539 intra
474 2482 677 2555 paucissimos
694 2499 792 2544 annos
808 2501 909 2560 neque
926 2485 1107 2545 imitandam
1119 2503 1165 2545 re-

145 2564 307 2637 aliquere.
346 2563 603 2638 Philosophorum
632 2583 757 2641 quoque
780 2569 903 2643 ingenia
925 2569 1086 2631 Socratico
1111 2586 1165 2630 ore

179 2645 344 2707 defluentia
353 2650 494 2721 omniurn,
509 2666 587 2723 quos
600 2652 768 2724 pauloante
780 2654 1034 2725 enumeravimus
1049 2661 1165 2727 quanto

178 2738 251 2804 post
264 2730 399 2791 Platonis
414 2732 650 2806 Aristotehsque
660 2740 786 2794 mortem
803 2734 937 2796 floruere
947 2738 1072 2811 spatio?
1087 2736 1164 2811 Quid

91 2846 95 2852 ·
179 2819 249 2871 ante
264 2813 435 2885 Isocraten,
459 2815 533 2887 quid
548 2824 618 2889 post
632 2817 698 2876 eius
714 2818 869 2879 auditores
884 2835 1056 2895 eorumque
1073 2822 1164 2880 disci·

179 2897 270 2969 pulos
297 2898 411 2956 clarum
435 2897 465 2955 in
487 2898 658 2959 oratoribus
675 2899 750 2961 luit?
777 2903 857 2962 adeo
884 2905 1007 2979 quidem
1033 2911 1165 2964 artatum

179 2978 329 3053 angustiis
352 2988 537 3054 temporum,
569 2989 602 3040 ut
626 2999 715 3042 nemo
738 2990 885 3047 memoria
906 2989 1017 3062 dignus
1033 2989 1113 3048 alter
1129 2987 1166 3047 ab

179 3063 274 3122 altero
286 3063 384 3122 videri
401 3065 603 3139 nequiverint.

149 3153 164 3205 1
262 3147 356 3205 XVll.
400 3149 507 3223 Neque
521 3148 581 3208 hoc
595 3150 624 3207 in
642 3150 767 3211 Graecis
783 3167 874 3226 quam
886 3152 916 3211 in
930 3154 1081 3213 Romanis
1095 3167 1165 3211 eve·

178 3228 223 3289 nit
233 3231 344 3302 magis:
360 3248 431 3290 narn
443 3233 501 3291 nisi
516 3249 628 3306 aspera
642 3249 678 3293 ac
693 3236 780 3295 rudia
793 3243 915 3309 repetas
928 3244 957 3296 et
971 3236 1089 3295 inventi
1100 3238 1165 3295 lau·

181 3311 285 3370 danda
300 3314 432 3384 nomine,
454 3315 485 3371 in
499 3317 595 3376 Accio
611 3318 755 3393 circaque
767 3335 837 3379 eum
850 3322 989 3379 Romana
1003 3319 1167 3393 tragoedia

180 3398 243 3462 est;
257 3393 426 3470 dulcesque
438 3395 535 3455 Latini
549 3400 664 3473 leporis
681 3404 808 3462 l'acetiae
821 3418 876 3476 per
884 3402 1047 3463 Caecilium
1053 3404 1165 3461 Teren·

146 3483 164 3535 2
179 3478 317 3551 liumque
331 3486 362 3537 et
376 3477 535 3538 Afranium
550 3486 676 3556 suppari
693 3493 792 3545 aetate
807 3485 969 3546 nituerunt.
992 3487 1166 3546 Historiccs

182 3560 288 3635 etiarn,
310 3568 344 3621 ut
355 3561 474 3620 Livium
491 3581 615 3639 quoque
632 3567 766 3640 priorum
781 3571 871 3628 aetati
886 3578 1020 3643 astruas,
1043 3577 1168 3645 praeter

181 3642 329 3705 Catonem
350 3654 380 3705 ct
395 3646 546 3720 quosdam
564 3652 681 3709 ueteres
708 3660 737 3710 et
761 3652 926 3727 obscuros,
948 3654 1051 3713 minus
1082 3660 1167 3712 octo-

39 3823 180 3960 ''N-
