2348 4222
145 370 358 432 Hlsroarnu
378 368 572 430 ROMANAE
589 370 631 444 Il,
652 377 712 430 loe.
730 378 789 431 109.
918 367 960 432 79

10 520 82 591 Han
104 524 276 584 absentium
294 524 387 595 colat,
410 520 618 597 praesentium
639 523 741 596 potius
757 538 841 583 arma
855 526 960 585 metuit

10 610 62 701 ἐμ
79 607 220 682 sequitur
234 607 343 676 fidem3
361 606 418 665 sed
433 622 491 680 ego
506 605 658 665 beneflcio
675 621 711 664 ac
726 607 880 680 permiSsu
894 615 957 682 tuo,

10 704 99 773 agur,
122 707 202 766 quos
225 698 294 750 ante
308 690 486 762 audiebam,
512 688 605 749 hodIe
621 688 685 748 vidi
701 690 792 760 deos,
821 706 878 750 nec
893 692 957 752 leli·

10 780 85 853 {em
100 776 195 834 ullum
209 775 290 834 vitae
310 788 398 832 meae
414 781 465 833 aul
480 773 584 848 optavi
605 778 657 832 aut
678 773 763 832 sensi
779 773 870 832 diem.
901 775 959 834 Im·

10 868 152 935 mboque
165 864 199 918 ut
212 874 336 918 manum
352 857 556 930 confingeret,
578 871 725 915 reversus
740 857 770 916 in
784 858 959 918 naviculam

10 956 34 1003 5
47 944 112 1004 fine
126 950 309 1017 respectans
323 941 485 1001 Caesarem
500 941 585 1014 ripae
599 956 726 1001 suorum
738 942 890 1015 adpulsus
902 948 958 1001 est.

10 1026 76 1089 'tor
88 1026 223 1087 omnium
234 1026 368 1100 gendum
381 1025 591 1098 locorumque,
608 1041 688 1099 quos
702 1024 820 1084 adierat
834 1025 956 1100 Caesar,
972 1039 990 1093 3

10 1110 199 1187 [aincolumi
220 1110 429 1183 inviolatoque
450 1117 479 1168 et
499 1109 595 1167 semel
615 1109 825 1169 tantummodo
847 1125 958 1185 magna

10 1208 37 1255 :a
53 1195 143 1254 clade
157 1193 416 1259 hosdumlraude
431 1208 537 1252 eorum
559 1199 673 1252 tentato
689 1194 842 1268 exercitu,
865 1194 895 1252 in
912 1193 956 1252 hi-

10 1292 64 1359 ma
81 1278 220 1351 legiones
241 1277 378 1350 reduxit,
401 1277 509 1335 eadem
532 1293 594 1350 qua
615 1276 718 1350 priore
734 1293 815 1336 anno
832 1276 955 1336 testina-

10 1378 49 1422 re
63 1362 173 1422 urbem
188 1367 306 1435 petens.

50 1444 156 1506 CVIII.
177 1445 257 1504 Nihil
272 1445 410 1504 aratiam
426 1445 455 1502 in
465 1443 627 1503 Germania
643 1442 728 1518 quod
743 1443 823 1501 vlnci
838 1449 955 1516 posset,
975 1455 986 1505 l

12 1538 91 1590 eter
112 1534 233 1601 gentem
246 1529 552 1599 Marcomannorum,
574 1543 655 1600 quae
669 1524 862 1585 Maroboduo
878 1527 957 1584 duce

10 1614 70 1670 :ita
81 1609 212 1668 sedibus
229 1611 294 1669 suis
310 1617 402 1684 atque
417 1611 447 1667 in
462 1608 608 1668 interiora
628 1608 783 1680 refugiens
805 1608 956 1669 incinctos

10 1694 125 1772 scynia
146 1693 224 1752 silva
240 1708 368 1767 campos
390 1693 552 1753 incolebat.
584 1691 674 1752 Nulla
696 1693 848 1754 festinabo
864 1693 987 1760 huiusa

10 1828 13 1837 .
50 1777 236 1836 mentionem
264 1777 436 1851 transgredi
461 1776 561 1836 debet.
603 1776 814 1837 Maroboduus
842 1794 955 1852 genere

10 1862 93 1935 iilis,
110 1877 242 1937 corpore
257 1861 457 1936 praevalens,
474 1861 574 1922 animo
591 1862 695 1935 lerox,
716 1862 840 1921 natione
856 1862 953 1936 magis

10 1961 56 2005 arn
73 1946 192 2005 ratione
206 1946 371 2016 barbarus,
394 1961 456 2005 non
476 1946 706 2005 tumultuarium
728 1961 829 2020 neque
850 1947 953 2004 fortui-

10 2044 24 2089 ι
41 2045 145 2104 neque
156 2029 299 2090 mobilem
312 2037 343 2089 et
354 2045 394 2088 ex
407 2031 565 2088 voluntate
578 2027 750 2101 parentium
763 2035 954 2086 constantem

10 2128 41 2173 er
57 2131 133 2174 suos
150 2112 315 2186 occupavit
335 2112 556 2186 principatum,
578 2108 634 2167 sed
658 2115 772 2168 certum
794 2110 953 2183 imperium

10 2213 88 2273 ique
102 2196 219 2270 regiam
235 2195 419 2269 complexus
433 2193 534 2252 animo
550 2191 655 2252 statuit
670 2200 798 2251 avocata
814 2194 922 2266 procul
937 2209 954 2251 a

10 2282 112 2341 manis
127 2285 217 2353 gente
234 2294 291 2338 sua
307 2294 344 2339 eo
361 2277 521 2352 progredi,
537 2277 604 2349 ubi,
620 2293 689 2336 cum
706 2284 831 2351 propter
847 2283 952 2350 poten·

10 2380 41 2424 >a
57 2379 142 2424 arma
154 2363 328 2436 refugisset,
344 2379 402 2422 sua
414 2363 528 2422 laceret
543 2360 763 2437 potentissima.
789 2361 953 2436 Occupatis
969 2373 986 2425 3

10 2465 71 2520 ur,
94 2461 174 2520 quos
190 2445 418 2519 praediximus,
435 2445 512 2505 leals
528 2446 673 2505 finitimos
692 2445 789 2505 omnis
805 2454 857 2505 aut
872 2444 952 2505 bello

10 2530 87 2589 muit
102 2535 154 2587 aut
169 2527 404 2587 condicionibus
424 2528 499 2587 iurIs
515 2529 564 2586 sui
581 2529 667 2597 lecit3
683 2520 805 2602 *corpus
828 2545 953 2589 suorum

10 2613 107 2673 nodia
127 2615 272 2680 cinctum
298 2611 458 2685 imperIum
485 2611 642 2685 perpetuis
672 2612 825 2671 exercitiis
856 2628 954 2685 paene

13 2698 178 2758 Romanae
194 2695 376 2771 disciplinae
398 2697 526 2756 sormam
548 2696 705 2754 redactum
727 2695 813 2754 brevi
834 2695 863 2754 in
881 2696 952 2755 erni-

10 2797 40 2842 rs
58 2788 89 2840 et
103 2786 210 2840 nostro
228 2795 353 2854 quoque
374 2780 504 2855 imperio
524 2779 692 2839 tImendum
708 2780 852 2854 perduxit
868 2779 951 2838 sasti-

11 2882 45 2925 m
59 2865 250 2939 gerebatque
262 2879 297 2924 se
309 2864 351 2923 ita
362 2865 514 2924 adversus
526 2865 693 2937 Romanoa,
711 2872 743 2925 ut
757 2880 858 2939 neque
870 2863 950 2924 bello

10 2965 18 3008 s
42 2954 214 3023 [lacesseret
225 2955 255 3008 et
268 2956 365 3009 temen
385 2953 459 3010 seris
477 2951 657 3022 ostenderet,
677 2952 715 3020 st]
737 2951 951 3019 lacesseretur,

10 3049 132 3094 teresse
148 3032 206 3093 sibi
221 3033 283 3092 vim
298 3048 334 3092 ac
350 3035 536 3094 voluntatem
550 3033 725 3092 resistendi.

44 3118 118 3179 ClX.
150 3117 273 3191 Legati,
296 3132 377 3191 quos
400 3118 538 3177 mittebat
554 3118 592 3175 ad
612 3117 777 3184 Caesares,
801 3112 981 3172 interduml

10 3202 182 3277 supplicem
195 3200 459 3289 commendabant,
474 3199 626 3258 interdum
640 3205 675 3258 ut
689 3214 745 3272 pro
764 3199 828 3270 pari
845 3197 951 3270 loque-

10 3295 87 3355 ntur3
117 3286 259 3360 gentibus
278 3283 520 3358 hominibusque
546 3299 565 3341 a
590 3281 680 3341 nobis
705 3281 950 3341 desciscentibus

10 3378 27 3431 a
42 3373 126 3445 apud
143 3387 212 3429 eum
230 3368 418 3443 perfugium,
439 3375 587 3440 totusque
601 3383 640 3426 ex
663 3367 741 3424 male
756 3366 949 3426 dissimulato

10 3456 73 3515 ebat
88 3455 249 3520 aernulum
268 3453 509 3524 exercitumque,
526 3467 617 3525 qtrem
630 3448 824 3525 septuaginta
836 3450 949 3508 millum

10 3540 114 3610 ditum,
143 3546 288 3613 quattuor
311 3537 447 3609 equitum
474 3537 603 3608 lecerat,
631 3534 772 3593 adsiduis
798 3535 948 3593 adversus

10 3621 106 3684 Mmos
127 3623 216 3682 betas
236 3621 415 3680 exercendo
436 3619 560 3694 maiori,
586 3636 677 3694 quarn
699 3618 783 3694 quod
807 3614 946 3685 habebat,
