2348 4222
244 363 453 423 nisrcnntn
476 362 668 425 nonanus
691 366 731 439 n,
754 377 812 428 no.
980 366 1023 429 er

10 517 218 597 posterassi
228 517 257 574 in
266 514 384 575 Parthis
393 516 537 574 damnum
545 513 575 573 in
591 514 727 576 externis
742 518 882 591 gentibus
898 518 1023 593 gravior

10 600 182 665 Romanis
199 599 270 672 luit,
287 599 375 659 iustis
392 599 597 658 voluminibus
612 606 646 658 ut
656 599 706 657 alii
721 600 762 658 ita
773 616 830 659 nos
843 603 1023 664 conabimur

10 690 210 762 bitponere3
226 699 307 742 nnnc
324 698 441 742 sutnma
457 681 603 742 dellenda
619 690 675 742 est.
711 683 870 744 Exercitus
888 688 1052 747 omniumr

10 768 237 841 fortissimus,
259 767 436 840 disciplina,
458 782 566 838 manu,
592 764 847 841 experientiaque
873 768 1022 831 bellorum

10 846 112 915 [mter
127 854 286 912 Romanos
308 850 418 909 milites
442 849 587 924 princeps
611 864 752 909 marcore
767 850 871 924 ducis,
894 854 1023 926 perfidia

10 936 132 999 hostis
140 934 319 1009 iniquitate
327 935 387 993 lor
375 939 466 992 unae
474 932 716 1007 circumventus
730 949 797 993 cum
813 948 852 992 ne
865 936 1023 1009 pugnandi

10 1020 160 1098 quidem
175 1025 227 1077 out
241 1017 421 1092 egrediendi
438 1017 562 1077 occasio
578 1017 631 1089 iis,
648 1018 837 1091 inquantum
853 1019 1022 1091 voluerant,

13 1104 105 1165 alata
138 1104 238 1170 esset,
274 1095 365 1156 immo
395 1095 550 1171 castigatis
582 1096 672 1156 etiam
707 1097 890 1197 quibusdam
935 1103 1022 1177 gravi

10 1200 152 1265 moena,
178 1185 252 1261 quia
271 1184 419 1244 Romanis
446 1191 476 1243 et
501 1184 593 1242 armis
618 1190 648 1243 et
671 1184 779 1243 animis
806 1186 854 1244 usi
880 1185 1021 1261 luissent,

10 1267 175 1347 {inclusus
189 1269 291 1341 silvis,
307 1266 487 1343 paludibus,
508 1266 644 1340 insidiis,
667 1267 705 1327 ab
721 1282 759 1327 eo
771 1267 860 1329 hoste
874 1268 936 1327 ad
929 1278 1020 1330 inter-

10 1355 195 1425 mecionem
205 1350 376 1413 trucidatus
389 1359 451 1425 est,
469 1366 560 1425 quem
575 1351 617 1409 ita
632 1367 756 1447 semper
769 1366 855 1411 more
866 1354 1020 1448 pecudum

10 1438 254 1511 ltrucidaverat‚
279 1442 312 1496 ul
334 1436 427 1494 vitam
454 1443 506 1494 aut
530 1441 658 1496 mortem
683 1434 750 1494 eius
771 1452 852 1495 nunc
873 1436 919 1494 ira
939 1452 1020 1495 nunc

10 1520 126 1581 ivenia
140 1526 332 1593 temperaret
364 1519 441 1578 Iluci
457 1521 525 1614 plus
540 1520 580 1578 ad
594 1517 787 1578 moriendum
803 1534 894 1593 quam
911 1520 949 1577 ad
965 1536 1019 1593 pu·
1032 1531 1049 1584 3

11 1603 192 1678 g²nandum
215 1602 305 1662 animi
329 1602 401 1671 luit,
436 1603 552 1676 quippe
583 1601 702 1675 paterni
728 1600 863 1676 avitique
888 1604 1020 1677 exempli

33 1700 203 1747 successor
213 1700 248 1745 se
258 1700 325 1760 ipse
337 1686 499 1746 transfixit
515 1685 751 1759 Atepraelecns
761 1693 929 1745 castrorum
943 1687 1018 1746 duo·
1032 1699 1049 1750 a

10 1818 14 1837 ι
31 1772 92 1831 bus
117 1784 209 1845 quam
230 1770 342 1830 clarum
356 1772 531 1845 exemplum
545 1769 578 1828 L.
594 1769 724 1843 aggius,
748 1776 807 1829 tam
828 1776 916 1844 turpe
931 1769 1017 1830 Ceio-

10 1884 17 1901 ·-
31 1856 103 1914 nius
119 1852 267 1928 prodidit,
281 1853 350 1929 qui,
368 1870 436 1914 cum
459 1856 550 1928 longe
570 1856 733 1913 maximam
756 1862 872 1927 partem
893 1855 1016 1913 absum-

10 1932 19 2001 j.
31 1938 250 2015 psissctacieS,
259 1945 365 1998 auctor
373 1937 538 1998 deditionis
547 1939 701 2012 supplicio
710 1952 801 2011 quam
812 1937 929 2010 proelio
939 1938 1016 1996 mori

30 2022 147 2081 maluit.
182 2022 222 2080 Αι
235 2022 314 2081 Vale
328 2022 513 2093 Νιιιιιοιιίιιε,
537 2022 656 2093 legatus
671 2020 760 2091 Vari,
776 2026 878 2077 cetera
894 2019 1044 2093 quietus5

29 2120 68 2165 ac
85 2105 216 2179 probus,
234 2105 291 2163 diri
305 2112 412 2163 auctor
424 2100 574 2174 exempli,
589 2102 753 2174 spoliatum
769 2101 871 2174 equite
886 2102 1017 2175 peditem

28 2190 211 2262 relinquens
231 2188 305 2259 luga
324 2198 394 2243 cum
416 2184 473 2243 alis
493 2182 634 2243 Rhenum
657 2189 761 2257 petere
782 2184 941 2258 ingressus
964 2193 1018 2257 est,

29 2273 120 2347 quod
136 2272 250 2328 lactum
263 2268 329 2328 eius
338 2268 529 2328 fortunauita
539 2274 601 2336 est;
614 2282 676 2327 non
685 2267 902 2327 enimdeserlis
911 2283 1018 2340 super-

27 2355 106 2426 fuit,
120 2352 176 2413 sed
189 2353 330 2411 desertor
341 2351 460 2411 occidit.
492 2352 566 2410 Vari
579 2366 694 2426 corpus
707 2350 886 2411 semiustum
899 2351 1018 2411 hostilis
1030 2365 1047 2420 0

28 2441 224 2498 laceraverat
238 2436 359 2507 feritas,
376 2440 468 2508 caput
482 2435 548 2494 eius
562 2434 719 2495 abscisum
734 2438 888 2511 latumque
903 2437 941 2495 ad
954 2434 1017 2494 Ma-

29 2519 212 2578 roboduum
226 2524 256 2576 et
278 2518 315 2576 ab
331 2533 368 2577 eo
383 2517 511 2577 missum
525 2518 565 2576 ad
581 2518 743 2578 Caesarem
758 2521 901 2592 gentilicii
916 2529 1016 2579 tamen

34 2600 145 2663 tumuli
158 2601 318 2674 sepultura
332 2600 515 2662 honoratum
529 2606 586 2660 est.

123 2683 208 2742 CXX.
250 2685 413 2746 Reddatur
431 2700 536 2745 verum
556 2686 589 2743 L.
612 2685 778 2760 Asprenati
805 2686 1045 2761 testimonium,1

31 2769 90 2844 qui
105 2768 222 2841 legatus
238 2769 296 2828 sub
312 2770 464 2829 avunculo
477 2785 534 2830 suo
547 2771 631 2830 Varo
643 2769 774 2828 militans
787 2785 867 2828 nava
878 2768 1019 2845 virilique

32 2866 135 2927 opera
150 2850 277 2911 duarum
292 2853 462 2928 legionum,
480 2853 592 2930 quibus
607 2858 765 2928 praeerat,
782 2852 949 2914 exercitum
965 2854 1017 2914 im-

32 2950 160 2995 munem
175 2942 257 2995 tanta
277 2938 446 3014 calamitate
468 2939 603 2999 servavit
618 2945 798 3012 matureque
820 2939 860 2997 ad
874 2938 1020 3000 inferiora

31 3019 165 3078 hiberna
179 3018 398 3082 descendendo
414 3023 619 3082 vacillantium
634 3022 723 3081 eliam
740 3023 784 3081 cis
792 3022 933 3081 Rhenum
949 3023 1019 3079 sita-

33 3119 104 3162 rum
113 3103 245 3175 gentium
254 3104 373 3165 animos
382 3105 590 3174 confirmavit3
608 3113 802 3177 sunitamen‚
819 3106 870 3177 qui
884 3109 918 3161 ut
932 3101 1020 3162 vivos

34 3185 74 3245 ab
91 3201 128 3245 eo
146 3186 334 3259 vindicatos,
350 3189 391 3247 ita
404 3187 608 3261 iugulatorum
624 3188 773 3247 subVaro
789 3191 941 3262 occupata
957 3202 1022 3248 ere-

34 3269 171 3329 diderinl
191 3270 373 3343 patrimonia
393 3270 655 3345 hereditatemque
677 3270 774 3330 exelsi
801 3272 970 3345 exereitus,
992 3274 1022 3330 in

37 3360 188 3427 quantum
202 3355 348 3426 voluerit,
365 3355 455 3413 abeo
473 3355 594 3414 aditam.
629 3355 662 3412 L.
679 3354 768 3412 etiam
784 3355 923 3430 Caedici,
938 3364 1055 3430 prae-2

39 3436 111 3495 lecti
135 3444 319 3509 castrorum,
341 3452 510 3512 eorumque
531 3439 582 3513 qui
607 3455 669 3498 una
692 3437 871 3499 circumdati
896 3440 1025 3499 Alisone

42 3520 202 3580 immensis
231 3520 451 3580 Germanorum
476 3520 574 3596 copiis
601 3521 835 3595 obsidebantur,
870 3520 1026 3581 laudanda

44 3603 144 3663 virtus
170 3610 232 3678 est,
257 3596 308 3679 qui
335 3604 476 3664 omnibus
502 3604 730 3665 difficultatibus
757 3605 926 3680 superatis,
949 3616 1025 3675 quas
