2422 4200
240 358 450 419 HISTORIAE
470 357 661 418 ROMANAE
681 359 721 433 ll,
739 366 784 421 83.
798 366 843 421 84.
993 360 1035 423 65

22 468 31 501 Ι

10 510 145 589 ρ’ῑᾳιωιη
166 511 286 571 fortuna
307 526 368 569 non
390 509 524 569 animum
544 516 708 583 mutasset,
729 513 862 572 accessit
882 521 973 575 noete
995 516 1035 575 ad

13 594 212 709 sistationem
226 594 394 654 Romanam
412 592 636 667 praedixitque,
655 609 695 651 ne
709 593 892 657 destinatum
907 597 964 656 iter
979 613 1033 672 pe·

14 684 148 783 ⁸3terent
162 678 219 737 sed
234 677 358 737 diverso
374 675 570 750 silvestrique
593 677 806 750 pervaderent.
835 679 901 737 Hoc
915 680 954 738 Μ.
971 684 1033 740 An·
1049 688 1066 739 3

10 762 132 827 ,tlonio
150 777 187 820 ac
200 766 244 819 tot
264 760 324 819 illis
344 759 516 833 legionibus
534 759 624 819 saluti
645 761 715 833 luit,
736 762 775 820 de
798 761 910 835 quibus
933 771 1032 822 tamen

10 818 177 919 “factoque
188 843 324 904 exercitu
338 843 421 903 lraud
435 841 535 901 minus
548 859 621 917 pars
635 851 751 917 quarta,
768 852 800 904 ut
815 845 1032 919 praediximus,

10 965 20 1005 ,²
36 927 190 1002 militum,
206 927 345 988 calonum
361 927 527 1001 servilique
541 925 716 985 desiderata
731 928 818 986 tertia
833 935 888 1000 est,
905 929 1033 1001 impedi-

48 1019 220 1072 mentorum
236 1011 288 1069 vix
298 1011 362 1070 ulla
376 1010 542 1084 superfuit:
558 1010 638 1070 hane
653 1017 752 1069 tamen
764 1013 917 1071 Antonius
930 1012 1032 1087 sugam

10 1133 21 1173 :-
48 1111 152 1168 suam,
176 1095 247 1169 quia
261 1094 350 1153 vivus
365 1092 497 1166 exierat,
523 1093 681 1153 victoriam
696 1094 836 1154 vocabat.
874 1095 929 1169 Qui
945 1096 1033 1156 tertia

10 1216 17 1256 ξ
48 1184 163 1238 aestate
187 1193 332 1238 reversus
358 1177 389 1236 in
413 1177 589 1236 Armeniam
614 1193 719 1252 regem
745 1180 811 1238 eius
836 1180 1032 1238 Artavasden

47 1262 156 1322 frauda
172 1263 333 1335 deceptum
350 1260 474 1333 eatenis,
490 1262 600 1320 sedne
617 1262 689 1334 quid
705 1262 814 1322 honori
827 1263 961 1333 deesset,
978 1279 1031 1322 au-

10 1383 17 1422 ,
46 1347 108 1406 reis
124 1344 230 1405 vinxit.
258 1345 421 1404 Crescente
436 1345 548 1403 deinde
563 1350 592 1402 et
606 1345 719 1405 amoris
735 1348 763 1404 in
781 1346 973 1420 Cleopatram
988 1348 1031 1404 in·
1048 1357 1064 1408 4

10 1428 158 1504 ,cendio
175 1435 205 1489 et
219 1429 377 1501 viliorum,
404 1443 484 1502 quae
499 1442 622 1502 semper
638 1428 832 1488 facultatibus
848 1429 1032 1501 licentiaque

11 1520 76 1587 aet
98 1511 358 1571 assentationibus
380 1512 516 1584 aluntur,
537 1511 894 1583 magnitudine-bellum
916 1512 1032 1583 patriae

43 1596 161 1654 inferre
182 1595 352 1664 constituit,
377 1609 445 1651 eum
468 1601 539 1652 ante
560 1610 673 1652 novum
695 1611 730 1653 se
750 1594 892 1652 Liberum
912 1594 1032 1652 Patrem

10 1716 12 1721 -
46 1676 197 1750 appellari
224 1674 383 1748 iussisset,
419 1691 488 1735 cum
516 1675 675 1736 redimitus
702 1677 825 1736 hederis
854 1693 1031 1751 coronaque

44 1761 165 1819 velatus
182 1775 276 1818 aurea
290 1765 320 1818 et
334 1758 475 1836 thyrsum
491 1766 599 1818 tenens
615 1760 836 1835 cothurnisque
854 1761 1029 1820 succinctus

46 1859 139 1904 curru
155 1844 238 1902 velut
250 1842 344 1901 Liber
357 1842 445 1902 Pater
458 1849 567 1902 vectus
583 1850 666 1903 esset
680 1846 903 1903 Alexandreae.

10 1902 28 2043 Ξ
128 1926 284 1985 LXXXIII.
306 1926 387 1986 Inter
401 1927 482 1986 hune
498 1934 678 2001 apparatum
690 1919 901 1988 belliPlancus
910 1945 971 1987 non
985 1929 1029 1985 iu·
1048 1942 1061 1992 1

10 2047 27 2105 ἲ
45 2008 126 2070 dicio
141 2017 224 2070 reeta
238 2010 361 2083 legendi
376 2026 478 2085 neque
495 2025 599 2068 amore
614 2011 802 2084 reipublicae
815 2019 867 2068 aut
878 2011 1028 2080 Caesaris,

10 2094 163 2186 ¹{quippe
184 2095 260 2152 haee
282 2109 406 2168 semper
427 2093 639 2167 impugnabat,
667 2094 724 2150 sed
749 2093 855 2150 morbo
883 2093 1028 2165 proditor,

10 2184 32 2271 f]
46 2191 116 2237 cum
131 2178 242 2236 luisset
256 2176 441 2234 humillimus
457 2180 629 2235 assentator
643 2176 768 2248 reginae
784 2181 813 2233 et
827 2175 906 2232 inira
920 2190 1028 2233 servos

18 2286 24 2293 ·
45 2261 157 2331 eliens,
180 2275 249 2319 eum
264 2260 376 2318 Antoni
392 2258 548 2332 librarius,
571 2272 640 2317 cum
656 2257 968 2318 obscoenissimarum
983 2272 1026 2314 re·
1046 2273 1062 2323 2

42 2361 112 2403 rum
128 2351 158 2402 et
173 2349 279 2402 auctor
294 2349 323 2402 et
338 2343 489 2416 minister,
511 2358 580 2401 cum
595 2342 625 2400 in
642 2341 743 2402 omnia
765 2349 794 2401 et
811 2343 864 2414 [in]
888 2339 1028 2400 omnibus

10 2418 19 2471 l
43 2426 180 2498 venalis,
206 2442 275 2484 eum
302 2428 493 2486 caeruleatus
515 2432 545 2484 et
569 2427 670 2485 nudus
693 2433 847 2500 caputque
871 2423 1029 2484 redimitus

10 2472 21 2581 ‚f
44 2507 197 2568 arundine
218 2515 247 2564 et
268 2509 396 2565 caudam
420 2508 561 2576 trahens,
587 2509 717 2580 genibus
739 2509 861 2567 innixus
884 2509 1029 2567 Glaucum

10 2596 19 2643 'a
44 2592 193 2651 saltasset
213 2590 244 2647 in
269 2588 427 2662 convivio,
453 2589 649 2662 refrigeratus
672 2590 709 2648 ab
725 2591 859 2650 Antonio
875 2591 914 2648 ob
936 2591 1029 2649 mani-

10 2658 17 2731 ἕ
42 2677 192 2734 festarum
218 2673 395 2745 rapinarum
419 2673 530 2732 indicia
554 2674 716 2747 transfugit
736 2674 775 2731 ad
797 2674 975 2732 Caesarem:
1001 2680 1031 2731 et

10 2778 15 2797 ³
42 2759 125 2817 idem
142 2763 251 2829 postea
268 2756 458 2816 elementiam
475 2756 598 2816 victoris
613 2772 669 2831 pro
685 2773 742 2816 sua
756 2757 866 2817 virtute
882 2757 1030 2829 interpre-

41 2840 179 2911 tabatur,
205 2838 348 2899 dictitans
369 2839 401 2900 id
422 2840 583 2915 probatum
605 2841 786 2914 aCaesare,
807 2841 856 2900 cui
877 2838 927 2899 ille
942 2837 1029 2913 igno-

43 2930 141 2983 verat.
175 2924 264 2982 Hunc
286 2939 359 2983 mox
380 2926 563 2984 avunculum
583 2923 677 2985 Titius
697 2924 828 2985 imitatus
851 2930 907 2984 est.
941 2922 1062 2990 Haud3

42 3007 180 3067 absurde
195 3005 367 3081 Coponius,
388 3007 435 3067 vir
450 3024 489 3067 ex
510 3010 671 3083 praetoriis
687 3009 904 3082 gravissimae,
926 3006 958 3062 Ρ.
975 3004 1029 3063 Sili

44 3106 152 3161 socer,
178 3107 247 3149 oum
266 3104 376 3150 reeens
398 3094 557 3164 transfuga
577 3094 671 3151 multa
693 3108 729 3150 ao
751 3092 884 3149 relando
898 3088 1029 3145 Plancus

43 3174 164 3235 absenti
175 3173 308 3233 Antonio
325 3173 354 3232 in
370 3183 479 3234 senatu
495 3175 655 3233 obiiceret:
671 3176 773 3243 multa,
788 3172 894 3246 inquit,
910 3168 1028 3227 meher-

43 3258 131 3317 cules
148 3257 218 3315 iecit
232 3256 385 3327 Antonius
403 3257 500 3330 pridie
516 3273 607 3330 quam
622 3264 654 3315 tu
671 3255 754 3313 illum
769 3255 969 3328 relinqueres.

129 3340 287 3399 LXXXIV.
318 3339 450 3399 Caesare
471 3340 583 3399 deinde
603 3348 634 3400 et
647 3339 791 3398 Messalla
807 3339 939 3398 Corvino
957 3349 1060 3400 con-1

45 3424 167 3485 sulibus
190 3425 373 3487 debellatum
395 3425 477 3499 opud
498 3424 633 3499 Aetium,
657 3422 709 3481 ubi
734 3424 825 3504 longe
846 3431 916 3483 ante
937 3435 1029 3495 quam

45 3507 249 3579 dimicaretur,
265 3508 511 3581 exploratissima
523 3507 706 3566 Iulianarum
717 3508 847 3581 partium
865 3508 919 3566 luit
935 3503 1030 3563 victo·

42 3593 107 3651 ria:
136 3590 258 3665 vigebat
278 3592 307 3650 in
330 3591 388 3650 lroe
411 3600 497 3667 parte
517 3590 603 3650 miles
619 3599 712 3665 atque
726 3591 906 3666 imperator,
933 3590 962 3647 in
978 3586 1062 3650 illas

89 3676 213 3770 Vatari.
229 3675 357 3733 Persae.
841 3683 859 3734 5

25 1816 32 1843 l
