2348 4222
173 391 215 453 32
441 387 481 447 Μ.
504 385 645 446 VELLEI
665 385 880 448 PATERCULI

173 545 237 601 lum
251 541 423 599 Romanum
445 553 535 598 usum
555 534 711 597 dictatoris
725 543 758 597 ut
773 540 827 609 [in]
844 543 926 596 metu
947 537 1053 596 deside

173 626 332 686 turnolio
352 621 491 683 timuisse
511 624 708 695 potestatem)
722 620 866 694 imperio,
894 638 954 694 quo
981 621 1056 692 prior

173 705 390 765 vindicandam
403 705 542 763 maximis
552 703 696 777 periculis
708 704 991 777 populilibertatem
1004 705 1050 761 usi

144 796 212 850 ileo
229 789 412 852 immodicae
427 787 612 847 crudelitatis
635 786 757 845 licentia
776 802 852 847 usus
872 795 927 846 est.
962 785 1056 843 Prinn·

175 881 206 933 et
218 875 333 933 utinam
346 872 484 942 ultimus,
500 870 674 944 exemplum
686 869 921 943 proscriptionis
933 869 1050 927 invenit

176 971 238 1031 qua
260 954 380 1014 civitate
402 954 566 1028 petulantis
589 953 708 1012 convici
730 953 874 1012 iudicium
895 955 1055 1012 histriontc

174 1038 329 1110 redditur,
345 1037 375 1095 in
391 1052 428 1095 ea
442 1037 569 1108 iugulati
584 1037 660 1095 civis
674 1036 804 1095 Romani
819 1037 941 1110 publice
958 1037 1055 1094 consti

174 1127 225 1180 tur
239 1125 516 1193 auctoramentum,
539 1119 764 1193 plurimumque
784 1120 912 1178 haberet
934 1119 986 1193 qui
1009 1120 1055 1191 plt

175 1203 396 1274 interemisset,
413 1216 514 1276 neque
529 1202 625 1261 occisi
640 1202 737 1261 hostis
750 1219 842 1277 quarn
855 1202 929 1261 civis
942 1202 1052 1261 uberiu

146 1286 346 1362 4praemium
361 1287 510 1359 fieretque
523 1286 655 1360 quisque
666 1294 784 1345 lnerees
795 1284 902 1346 mortis
914 1301 999 1344 suae.
1019 1286 1055 1343 Νι

174 1377 238 1430 tum
253 1372 283 1429 in
299 1386 356 1430 eos
371 1371 423 1445 qui
439 1376 546 1429 contra
557 1385 641 1428 arma
654 1370 798 1444 tulerant,
815 1371 872 1429 sed
887 1369 917 1427 in
929 1371 1042 1428 multos

174 1454 215 1515 tis
226 1455 391 1523 saevitum3
405 1454 557 1512 adiectum
569 1452 667 1525 etiarn,
682 1458 715 1511 ut
726 1452 807 1512 bona
818 1451 1055 1528 proscriptorun

174 1545 245 1598 rent
259 1538 441 1611 exclusique
456 1536 592 1610 paternis
607 1535 719 1610 opibus
736 1536 823 1595 liberi
845 1534 934 1595 etiam
955 1544 1055 1610 pelen·

175 1620 328 1680 honorum
351 1622 416 1679 iure
435 1618 670 1693 prohiberentur
685 1617 850 1694 simulque,
879 1620 962 1694 quod
983 1620 1055 1691 indit

175 1717 258 1761 mum
273 1707 337 1773 cst,
360 1709 537 1761 senatorum
556 1702 609 1760 filii
629 1709 660 1761 et
674 1718 769 1762 onera
790 1701 906 1763 ordinis
928 1702 1055 1762 sustinet

176 1783 245 1842 iura
259 1783 432 1857 perderent.

151 1875 167 1927 1
261 1865 366 1925 XXIX.
409 1864 473 1925 Sub
489 1864 652 1925 adventum
666 1866 697 1924 in
708 1865 823 1927 Italiam
838 1869 871 1928 L.
886 1869 989 1928 Sullae
1005 1871 1054 1929 Cn.

175 1951 281 2026 peius,
308 1948 374 2008 eius
390 1949 442 2009 Cn.
457 1949 584 2024 Pompei
604 1949 701 2023 filius,
729 1966 818 2024 quem
839 1953 1054 2026 magnificentie

175 2050 227 2094 res
243 2033 273 2093 in
289 2033 451 2093 consulatu
465 2033 604 2107 gessisse
619 2033 699 2094 bello
715 2033 849 2095 Marsico
864 2036 1054 2110 praediximu

175 2118 251 2193 ginti
266 2117 320 2178 tris
336 2133 435 2178 annos
450 2124 554 2191 natus,
577 2115 687 2176 abhinc
702 2134 800 2178 annos
822 2129 943 2180 centum
958 2128 989 2179 et
1002 2129 1054 2181 tre«

175 2201 305 2276 privatis
320 2209 354 2260 ut
369 2202 480 2274 opibus
494 2201 537 2261 ita
551 2201 686 2260 consiliis
697 2217 808 2276 magna
822 2219 917 2263 ausus
932 2204 1054 2278 magnifi

176 2292 289 2344 conata
302 2292 467 2356 executus,
483 2284 524 2341 ad
537 2284 752 2343 vindicandam
763 2286 1045 2362 restituendamque

176 2372 268 2426 tatem
282 2364 400 2438 patriae
421 2365 542 2424 firmum
566 2382 605 2425 ex
626 2382 699 2440 agro
714 2367 827 2429 Piceno
844 2372 896 2446 qui
915 2378 997 2431 totus
1019 2387 1054 2445 pr

175 2449 243 2508 eius
267 2446 414 2508 clientelis
433 2451 565 2509 relertus
585 2458 663 2523 erat,
688 2454 838 2513 contraxit
859 2455 1043 2523 exercitum;

174 2530 233 2591 viri
258 2532 434 2607 magnitudo
460 2533 621 2594 multorum
640 2535 829 2596 voluminum
848 2538 944 2598 instar
965 2538 1053 2612 exigit

146 2617 281 2693 reperis
296 2617 408 2677 modus
423 2618 532 2690 paucis
554 2633 624 2677 eum
638 2622 754 2679 narrari
769 2621 861 2680 iubet.
895 2621 964 2681 Fuit
974 2621 1053 2695 hicg

174 2707 271 2761 matre
285 2698 415 2772 Lucilia,
431 2701 536 2774 stirpis
552 2704 739 2776 senatoriae,
757 2706 854 2764 forma
870 2706 1025 2765 excellens
1040 2720 1053 2762 ι

174 2799 238 2856 qua
252 2781 312 2842 flos
331 2783 562 2843 commendatur
577 2785 701 2856 aetam,
725 2788 782 2847 sed
798 2804 835 2847 ea
851 2790 997 2864 dignitate
1013 2805 1049 2848 co

173 2865 276 2940 tiaque
285 2880 365 2940 quac
372 2864 402 2925 in
409 2866 489 2926 illam
497 2868 684 2930 conveniens
700 2873 929 2946 amplitudinem
941 2875 1053 2933 fortuna

174 2963 243 3008 eum
257 2948 295 3007 ad
311 2949 447 3008 ultimum
463 2950 541 3010 vitae
557 2950 699 3013 comitata
713 2963 761 3014 est
776 2956 871 3032 diem,
893 2958 1050 3017 innocenti

172 3032 267 3109 mius,
291 3034 450 3094 sanctitate
468 3037 668 3112 praecipuus,
692 3040 867 3113 eloquentia
888 3041 1025 3114 medius,
1048 3058 1053 3115 l

171 3114 232 3177 tiae
249 3132 329 3192 quae
343 3116 470 3179 honoris
486 3136 581 3181 causa
595 3121 636 3180 ad
650 3136 719 3181 eum
735 3124 919 3196 deferretur,
936 3143 998 3185 non
1015 3127 1047 3187 vi

171 3209 377 3291 occuparetur
391 3202 627 3279 cupidissimus,
650 3205 714 3266 dux
733 3206 813 3269 bello
834 3208 1052 3283 peritissimus,

171 3296 202 3338 m
217 3289 289 3354 toga
302 3284 362 3343 nisi
376 3285 429 3344 ubi
450 3295 619 3360 vereretur,
643 3304 682 3348 ne
698 3307 789 3365 quem
811 3291 938 3353 haberet
951 3309 1052 3368 paren

171 3362 381 3439 destissimus,
398 3369 595 3431 amicitiarum
609 3380 718 3448 tenax,
733 3374 763 3433 in
780 3375 908 3436 offensis
924 3377 1052 3437 exorabi

169 3448 398 3541 reconcilianda
417 3453 514 3524 gratia
533 3455 747 3533 fidelissimus,
770 3460 800 3518 in
826 3460 1009 3536 accipienda
1031 3477 1052 3520 s

169 3537 271 3590 ctione
285 3532 454 3607 facillimus,
470 3540 605 3612 potentia
620 3556 677 3600 sua
692 3559 849 3617 nunquam
862 3550 914 3604 aut
928 3561 1000 3606 raro
1009 3546 1050 3605 ad

168 3612 292 3675 tentiam
303 3631 388 3691 usus,
401 3621 792 3693 paeneomniumvitiorum
806 3644 930 3705 expers,
939 3632 1000 3690 nisi
1012 3647 1052 3690 nu
