2348 4222
16 308 35 449 1
167 344 378 405 ursuonma
396 343 588 404 nomnnna
607 344 649 419 u,
670 352 713 407 a.
729 354 774 408 m.
921 345 966 410 47

10 497 59 592 ,po
74 497 186 570 luerat,
203 496 302 571 ipsius
317 496 469 557 adventus
484 498 592 572 vigore
606 514 642 557 ao
658 498 777 573 fulgore
792 508 962 576 occupatus

29 580 155 661 iCaesari
170 580 309 649 tradidit;
330 588 460 656 uterque
474 582 643 656 legatorum
658 589 688 641 et
703 583 843 656 quisquis
859 585 960 645 cuius·

10 715 15 736 ,
57 663 175 724 ordinis
191 665 280 739 sequi
294 680 348 725 eos
366 667 518 736 voluerat,
533 666 654 725 remissi
671 667 710 724 ad
725 667 913 741 Pompeium.

10 678 108 817 flii·
143 747 288 808 Proximo
313 764 394 808 anno
417 765 485 809 cum
507 748 730 825 Dyrrhachium
752 765 789 808 ac
814 749 915 810 vicina
934 751 993 811 eil
1024 814 1027 821 ,

10 820 49 891 hri
61 832 147 905 regio
164 833 273 892 castris
283 832 409 907 Pompei
424 831 613 905 retineretur,
630 835 682 906 qui
698 834 802 893 accitis
815 849 854 892 ex
866 834 961 893 omni-

10 931 37 975 rs
51 916 262 977 transmarinis
278 916 446 991 provinciis
461 917 647 990 legionibus,
670 918 806 992 equitum
821 933 857 977 ac
878 915 962 991 pedi·

10 1014 42 1058 η]
58 999 196 1071 auxiliiS,
217 1016 387 1074 regumque
402 1005 433 1058 et
451 1001 669 1060 tetrarcharum
691 1001 843 1076 simulque
865 1001 962 1075 dyna-

10 1098 97 1143 arum
119 1084 218 1157 copiis
245 1085 407 1143 immanem
433 1085 600 1143 exercitum
625 1085 800 1144 coniecerat
824 1089 855 1143 et
879 1099 962 1142 mare

10 1165 146 1226 aesidiis
163 1167 322 1240 classium,
337 1173 371 1226 ut
384 1167 521 1240 rebatur,
536 1174 692 1242 sepserat,
708 1169 872 1243 quominus
889 1168 960 1226 Cae-

10 1264 30 1309 r
44 1249 185 1324 legiones
201 1260 311 1326 posset
330 1251 547 1324 transmittere,
571 1268 627 1312 sua
642 1259 673 1311 et
687 1253 840 1312 celeritate
856 1259 886 1310 et
900 1252 948 1311 for

10 1349 51 1393 na
68 1333 99 1392 C.
118 1333 232 1395 Caesar
245 1352 321 1395 usus
336 1334 410 1394 nihil
431 1334 461 1394 in
483 1351 568 1394 mora
589 1335 707 1407 habuit,
731 1334 895 1408 quominus
913 1351 960 1404 eo,

12 1434 47 1476 rn
61 1418 161 1491 vellet,
170 1420 239 1492 ipso
251 1420 468 1492 exercitusque
480 1417 630 1477 classibus
644 1419 815 1492 perveniret
827 1424 856 1475 et
865 1418 961 1489 primo

12 1517 80 1562 ene
96 1503 204 1561 castris
219 1503 345 1576 Pompei
361 1518 419 1561 sua
433 1503 586 1574 iungeret,
608 1517 680 1560 mox
696 1502 785 1559 etiam
801 1498 963 1558 obsidione

10 1580 240 1657 animantisque
255 1601 323 1643 eum
339 1587 600 1657 complecteretur.
625 1581 685 1640 Sed
702 1582 805 1656 inopia
820 1582 962 1641 obsiden-
978 1587 995 1638 2

10 1684 61 1728 vus
80 1682 172 1740 quam
188 1667 327 1726 obsessis
343 1673 406 1725 erat
426 1667 558 1739 gravior.
584 1665 659 1724 Turn
672 1665 788 1725 Balbus
804 1665 961 1725 Cornelius

10 1751 152 1811 cedente
180 1751 344 1810 humanam
369 1751 460 1809 iidem
486 1751 654 1810 temeritate
679 1750 839 1824 ingressus
861 1756 962 1808 eastra

12 1837 115 1896 stium
130 1835 319 1909 saepiusque
335 1850 403 1893 oum
413 1833 541 1893 Lentulo
557 1836 738 1894 conlocutus
755 1836 891 1905 consule,
906 1834 961 1893 du·

10 1925 94 1978 ‚ante
116 1919 221 1992 quanti
243 1934 277 1977 se
297 1920 458 1987 venderet,
484 1918 543 1976 illis
564 1919 758 1977 incrementis
779 1918 851 1976 lecit
872 1916 960 1986 viam,

14 2003 109 2075 ibuS,
131 2019 192 2062 non
207 2006 239 2062 in
254 2003 401 2077 Hispania
415 2019 455 2060 ex
471 2005 533 2061 cive
553 2008 643 2059 natus
665 2002 722 2060 sed
736 1999 910 2074 Hispanus,
931 1999 962 2056 in

10 2084 164 2159 umphum
187 2093 218 2144 et
239 2086 449 2159 pontificatum
471 2084 653 2155 adsurgeret
673 2084 821 2155 fieretque
842 2097 881 2139 ex
903 2082 962 2153 pri-

10 2174 48 2229 to
68 2170 251 2228 consularis.
274 2169 432 2225 variatum
447 2166 558 2224 deinde
575 2166 709 2238 proeliis
725 2165 857 2223 seduno
873 2166 962 2236 longe
977 2173 994 2226 3

10 2253 80 2327 agis
98 2251 295 2324 Pompeianis
323 2264 490 2324 prospero,
515 2266 576 2323 quo
600 2249 733 2322 graviter
753 2248 874 2322 impulsi
893 2256 964 2306 sunt

13 2335 123 2394 esaris
143 2333 263 2393 milites

62 2417 126 2475 Lll.
165 2415 240 2473 'lum
265 2416 377 2476 Caesar
406 2433 475 2476 oum
504 2417 640 2475 exercitu
668 2415 788 2476 fatalem
815 2416 993 2476 victoriaet

10 2515 59 2557 ae
85 2500 275 2558 Thessaliam
299 2499 399 2572 petiit,
424 2498 603 2571 Pompeius,
629 2499 720 2572 longe
746 2500 870 2559 diversa
895 2499 962 2557 aliis

10 2581 201 2654 adentihuS,
224 2598 354 2656 quorum
369 2582 507 2655 plerique
522 2580 735 2654 hortabantur,
756 2583 833 2640 utin
848 2581 963 2639 ltaliam

9 2665 212 2736 msmitteret,
242 2673 357 2739 (neque
381 2665 522 2724 hercules
550 2664 713 2738 quicquam
741 2664 878 2738 partibus
904 2663 963 2721 illis

10 2724 136 2809 k‘brius
153 2749 219 2818 luit)
240 2749 305 2821 alii,
332 2756 364 2808 ut
383 2749 496 2826 bellurn
517 2748 664 2819 traheret,
691 2748 774 2822 quod
788 2746 964 2820 dignatione

56 2848 112 2895 ium
128 2833 158 2889 in
173 2833 239 2892 dies
251 2832 328 2907 ipsis
339 2831 437 2908 magis
452 2849 633 2907 prosperum
647 2831 742 2903 fieret,
758 2847 833 2890 usus
849 2830 964 2904 impetu

22 2916 187 2980 hostem
213 2923 336 2976 secutus
363 2924 418 2975 est.
460 2918 566 2976 Aoiem
590 2916 797 2975 Pharsalicam
824 2922 853 2974 et
881 2916 996 2973 illuml

60 3000 228 3060 ratissimum
240 3001 380 3060 Romano
397 3001 510 3060 nomini
522 3002 602 3060 diem
613 3008 791 3074 tantumque
802 2998 963 3069 utriusque

37 3097 63 3156 ³,
76 3085 136 3143 itus
152 3086 313 3158 profusum
328 3084 485 3158 sanguinis
501 3092 531 3142 et
546 3085 664 3143 conlisa
684 3084 761 3142 inter
776 3096 811 3140 se
827 3081 888 3138 duo
904 3079 963 3136 rei-

46 3160 127 3249 ‘tae
148 3169 247 3242 capita
269 3167 480 3240 effossumque
499 3170 627 3224 alterurn
641 3165 770 3222 Romani
792 3163 899 3236 imperi
919 3163 963 3220 lu-

94 3256 141 3325 tot
163 3253 294 3324 talisque
314 3251 566 3324 Pompeianarum
592 3248 723 3322 partiunt
743 3261 853 3307 caesos
878 3247 963 3305 viros

15 3355 35 3396 ’,-
56 3335 58 3412 J
77 3336 170 3415 poipit
184 3335 354 3394 enarranda
368 3334 417 3392 hio
430 3333 600 3406 scripturae
614 3333 735 3391 modus.
765 3331 842 3390 lllud
858 3337 963 3390 notan·
979 3339 996 3391 3

97 3427 134 3478 t:
162 3428 195 3479 ut
209 3421 338 3494 primunr
354 3417 384 3477 C.
401 3417 514 3476 Caesar
528 3417 699 3475 inclinatam
716 3416 791 3475 vidit
805 3414 963 3489 Pompeia-
