2348 4222
167 274 209 341 70
439 272 481 331 Μ.
501 270 643 329 vatent
663 266 880 328 Parnacttm

133 431 251 489 resset
264 422 385 484 roboris
401 428 432 481 et
447 427 513 481 uter
528 419 661 494 populus
683 417 768 477 alteri
790 416 945 491 paritums
967 416 1053 474 foret

165 510 256 584 igitur
272 506 446 583 provincias
461 511 523 564 tarn
537 502 682 576 diffusas,
704 507 765 583 tam
786 499 968 575 frequentis,
993 504 1053 557 tam

166 594 285 653 adeam
301 606 408 666 pacem
421 586 531 649 abhinc
546 602 644 646 annos
660 586 755 645 ferme
770 583 993 658 quinquaginta
1009 597 1053 656 pe:

167 677 280 736 Caesar
294 675 470 749 Augustus,
487 678 521 732 ut
536 686 615 746 quae
629 668 769 729 maximis
784 668 871 727 bellis
887 682 1046 740 nunquam

165 766 288 831 verant,
312 774 368 818 eae
383 757 441 817 sub
457 756 488 815 C.
503 755 636 815 Antistio
659 770 695 813 ao
711 751 823 812 deinde
837 751 870 808 P.
887 749 962 811 Silio
983 751 1053 824 lega

164 845 302 918 terisque
318 850 429 917 postca
444 840 533 899 etiam
548 838 713 899 latrociniis
728 842 883 895 vacarent.

136 937 151 987 1
249 926 324 985 XCI.
361 927 438 984 Dum
466 931 594 996 pacatur
614 922 780 991 Occidens,
808 920 847 978 ab
868 916 993 976 Oriente
1019 933 1053 975 ao

166 1010 345 1069 Parthorum
362 1008 452 1081 signa
466 1008 614 1078 Romana,
633 1020 713 1081 quae
725 1003 837 1063 Crasso
853 1017 1010 1077 oppresso
1024 1000 1053 1059 01

168 1108 249 1169 qnae
263 1091 397 1152 Antonio
418 1091 509 1166 pulso
533 1091 612 1150 filius
633 1091 700 1148 eius
715 1087 882 1147 phrahates
904 1092 1052 1159 ceperant

167 1185 258 1253 gusto
272 1177 403 1237 remissa
418 1181 505 1245 sunt;
531 1175 615 1249 quod
630 1187 799 1246 cognomen
822 1172 864 1229 illi
880 1174 946 1230 fare
960 1169 1053 1228 Planc

165 1263 260 1323 tentia
274 1276 449 1321 consensus
464 1258 601 1320 universi
621 1263 748 1317 senatus
771 1253 941 1330 populique
955 1254 1053 1313 Roma

134 1351 152 1402 2
167 1345 250 1405 didit.
273 1345 488 1418 Eranttamen,
501 1344 552 1418 qui
563 1342 644 1403 hunc
659 1340 866 1401 felicissimum
875 1345 989 1398 statum
1000 1337 1053 1398 odi:

168 1430 284 1506 quippe
303 1430 337 1490 L.
358 1428 486 1489 Murena
511 1433 542 1486 et
559 1425 693 1485 Fannius
716 1425 828 1498 Caepio
856 1422 989 1481 diversis
1019 1438 1053 1480 ml

166 1522 250 1587 (nam
265 1514 393 1574 Murena
408 1515 475 1573 sine
489 1512 550 1572 hoc
565 1511 701 1570 facinore
715 1508 815 1583 potuit
828 1505 927 1566 videri
945 1506 1047 1567 bonus

167 1599 219 1671 pio
243 1603 274 1655 et
294 1605 363 1656 ante
388 1597 448 1656 hoc
470 1603 535 1655 erat
555 1595 724 1670 pessimus)
749 1609 818 1652 cum
839 1589 973 1650 inissent
994 1590 1053 1650 occi

168 1678 308 1737 Caesaris
325 1680 469 1750 consilia,
493 1679 638 1753 oppressi
659 1678 837 1736 auctoritate
858 1674 1000 1748 publica,
1026 1690 1053 1748 qr

134 1763 269 1821 efacere
284 1763 459 1832 voluerant,
477 1760 544 1819 iure
561 1762 648 1835 passi
665 1766 745 1820 sunt.
768 1759 875 1834 Neque
892 1759 990 1818 multo
1007 1775 1050 1833 po

166 1845 216 1904 fus
225 1842 382 1919 Egnatius
400 1860 454 1919 per
468 1844 569 1903 omnia
583 1843 743 1918 gladiatori
759 1859 851 1918 qnam
863 1842 1003 1902 senatori
1020 1860 1053 1917 pr

167 1930 295 1989 collecto
318 1928 349 1988 in
370 1928 523 1988 aedilitate
544 1930 650 1989 favore
670 1927 794 2003 populi,
823 1942 914 2002 quem
936 1927 1053 2002 extingr

166 2012 287 2089 privata
307 2013 421 2073 familia
441 2012 591 2074 incendiis
606 2011 636 2072 in
654 2012 721 2073 dies
737 2017 879 2083 auxerat,
902 2012 932 2069 in
954 2018 1053 2071 tantur

167 2098 250 2171 dem,
266 2105 301 2158 ut
315 2098 343 2157 ei
358 2105 531 2173 praeturam
546 2098 750 2169 continuaret,
765 2112 838 2155 mox
853 2095 943 2153 etiam
961 2111 1053 2156 const

166 2190 273 2255 petere
295 2196 406 2251 ausus,
434 2196 502 2239 cum
524 2188 608 2239 esset
628 2180 710 2240 omni
731 2177 916 2252 flagitiorum
938 2183 1053 2240 sceleri

167 2264 355 2323 conscientia
379 2278 501 2321 mersus
527 2279 584 2322 nec
610 2264 717 2323 melior
741 2262 782 2322 illi
804 2279 855 2321 res
879 2263 1044 2324 familiaris

166 2360 253 2405 mens
270 2348 355 2415 foret,
372 2346 547 2420 adgregatis
560 2345 718 2408 simillimis
735 2346 793 2405 sihi
807 2345 984 2407 interimere
995 2349 1053 2409 Cae

167 2429 284 2503 statuit,
307 2435 340 2489 ut
355 2446 416 2504 quo
434 2431 521 2490 salvo
538 2432 643 2491 salvus
659 2446 731 2491 esse
746 2447 806 2489 non
821 2438 956 2505 poterat,
978 2450 1053 2493 eos

135 2516 153 2569 4
166 2521 344 2575 moreretur.
369 2514 489 2589 Quippe
504 2515 545 2574 ita
560 2531 594 2575 se
612 2532 714 2575 mores
729 2514 857 2589 habent,
879 2521 912 2574 ut
928 2515 1053 2589 publica

167 2615 228 2672 que
241 2600 330 2658 ruina
344 2599 427 2659 malit
439 2599 581 2658 occidere
595 2616 686 2672 quam
701 2615 759 2658 sua
773 2600 887 2670 proteri
899 2606 929 2658 et
943 2599 1033 2660 idem
1046 2618 1053 2675 ι

165 2699 220 2741 rus
241 2685 341 2741 minus
359 2682 508 2756 conspici.
532 2682 646 2757 Neque
666 2681 715 2741 hic
737 2682 891 2756 prioribus
912 2683 943 2740 in
966 2699 1052 2745 occu

167 2764 285 2823 felicior
309 2763 380 2838 fuit,
406 2765 591 2840 abditusque
614 2767 728 2826 carceri
750 2782 819 2827 cum
845 2767 979 2826 consciis
1009 2770 1053 2828 fa(

166 2853 294 2906 mortem
311 2848 520 2922 dignissimam
534 2851 596 2908 vita
612 2866 669 2910 sua
684 2851 767 2910 obiit.

134 2939 149 2990 1
247 2930 335 2991 xctt,
367 2931 560 2992 Praeclarum
586 2934 763 2993 excellentis
789 2936 846 2993 viri
873 2935 984 2993 factum
1016 2937 1049 2995 0.

166 3015 320 3079 Saturnini
336 3018 416 3077 circa
433 3033 469 3076 ea
483 3023 623 3092 tempora
638 3019 775 3078 consulis
797 3034 836 3076 ne
856 3018 1018 3077 fraudetur
1040 3037 1053 3078 r

135 3108 151 3157 2
165 3102 220 3160 ria.
242 3103 359 3162 Aberat
369 3102 400 3161 in
414 3102 592 3164 ordinandis
602 3102 697 3162 Asiae
710 3101 903 3177 Orientisque
917 3102 1014 3162 rebus
1030 3102 1053 3162 C

167 3184 384 3245 circumferens
409 3195 556 3246 terrarum
583 3187 650 3246 orbi
676 3186 851 3261 praesentia
876 3203 934 3246 sua
960 3187 1052 3260 pacis

163 3267 261 3325 bona:
280 3274 342 3327 tum
355 3269 488 3341 Sentius,
504 3271 582 3329 forte
597 3276 627 3329 et
641 3272 727 3330 solus
743 3277 773 3329 et
788 3271 915 3330 absente
928 3269 1053 3330 Caesari

165 3350 228 3421 sul,
252 3365 320 3409 cum
336 3352 394 3409 alia
411 3350 513 3425 prisca
534 3355 697 3414 severitate
713 3369 894 3429 summaque
910 3362 1053 3416 constant

164 3442 229 3494 lere
247 3437 407 3494 consulum
421 3452 508 3495 more
524 3453 559 3497 ac
578 3438 741 3498 severitate
756 3440 921 3512 gessisset,
944 3446 1053 3513 protra

164 3516 398 3595 publicanorum
414 3520 554 3595 fraudes,
570 3524 712 3597 punisset
729 3523 900 3596 avaritiam,
917 3524 1053 3596 regessit
