2422 4200
190 335 397 399 Hlsrotttalt
418 338 609 398 ROMANAE
630 339 670 410 lt,
695 347 753 402 lll.
772 347 831 400 112.
953 338 994 400 81

10 490 159 550 hercules
187 489 271 549 nulla
294 504 428 562 unquam
450 488 532 547 natio
554 493 614 545 tam
636 493 753 546 mature
773 484 902 548 consilio
923 487 994 546 belli

10 572 130 633 bellurn
145 572 243 632 iunxit
257 587 293 630 ac
305 572 428 630 decreta
439 568 579 645 patravit.
603 568 752 644 Oppressi
764 570 847 629 cives
855 569 994 643 Romani,
1006 581 1023 636 u

10 655 158 717 trucidati
173 656 393 730 negotiatores,
409 670 539 728 magnus
553 653 780 713 vexillariorum
794 669 939 713 numerus
955 653 996 712 ad

10 739 255 799 internecionem
275 754 311 798 ea
324 740 353 797 in
371 737 512 813 regione,
536 753 614 812 quae
629 737 790 811 plurimum
812 735 849 795 ab
864 734 994 810 impera·

10 829 83 884 tore
95 822 215 895 aberat,
232 838 357 894 caesus,
375 828 525 896 occupata
537 821 626 879 armis
639 819 834 893 Macedonia,
852 821 953 879 omnia
967 827 996 879 et

10 902 45 965 in
58 905 201 966 omnibus
215 906 292 966 locis
307 905 370 980 igni
385 905 529 979 lerroque
544 911 671 962 vastata.
698 902 774 976 Quin
789 908 890 962 tantus
906 902 1002 962 etiam-

10 984 107 1049 huius
122 988 194 1048 belli
208 997 308 1049 metus
322 988 391 1061 luit,
411 995 445 1047 ut
461 987 599 1047 stabilem
615 987 697 1045 illum
711 993 741 1046 et
755 987 915 1046 lormatum
931 994 994 1046 tan-

10 1076 115 1132 torum
129 1071 277 1133 bellorum
291 1071 479 1148 experientia
486 1068 626 1130 Caesaris
634 1067 766 1144 Augusti
778 1067 909 1130 animum
922 1085 994 1144 qua-

10 1158 94 1215 teret
112 1163 204 1230 atque
224 1162 366 1214 terreret:
389 1154 492 1215 audita
505 1153 535 1214 in
551 1160 659 1214 senatu
674 1169 737 1212 vox
756 1152 920 1228 principis,
942 1153 994 1211 de-

10 1239 94 1299 cimo
111 1237 175 1312 die,
191 1239 222 1297 ni
238 1244 411 1312 caveretur,
427 1254 522 1313 posse
536 1237 657 1298 hostem
672 1238 701 1296 in
715 1237 800 1296 urbis
811 1238 929 1297 Romae
943 1250 994 1294 ve-

10 1323 81 1380 nire
107 1326 315 1397 conspectum.
353 1321 534 1382 Senatorum
559 1320 757 1396 equitumque
788 1320 1021 1387 Romanorun17

10 1411 143 1465 exactae
158 1407 196 1465 ad
207 1407 238 1465 id
249 1405 361 1465 bellum
373 1421 496 1480 operae.
518 1403 677 1465 Pollicitati
690 1406 798 1464 omniu.
827 1402 927 1461 Habiti
941 1402 995 1460 ita-

10 1504 79 1564 que
100 1489 253 1562 deleotus,
273 1488 409 1549 revocati
429 1489 567 1563 undique
587 1494 618 1547 et
639 1503 744 1547 omnes
768 1485 916 1555 veterani,
940 1484 995 1541 viri

10 1570 212 1643 feminaeque
226 1587 266 1629 ex
281 1586 377 1629 censu
391 1572 562 1631 libertinum
577 1577 703 1629 coactae
719 1569 793 1627 dare
807 1566 939 1626 militem.

103 1652 175 1710 CXI.
219 1652 325 1712 Omnia
338 1654 415 1712 hacc
435 1653 546 1712 lrustra
561 1666 850 1727 praeparassemus,
871 1650 929 1709 nisi
946 1651 1020 1724 quil

10 1735 67 1796 illa
82 1742 203 1809 regeret
218 1736 335 1795 luisset.
357 1736 463 1810 Itaque
474 1742 508 1796 ut
525 1734 710 1812 praesidium
730 1734 865 1795 ultimum
886 1750 994 1808 respu-

10 1816 96 1879 blica
112 1820 149 1878 ab
157 1819 298 1893 Augusto
314 1820 422 1879 ducem
437 1819 467 1877 in
482 1820 594 1880 bellum
610 1817 920 1896 poposcitTiberium.
937 1819 1024 1884 Han

10 1900 80 1962 buit
91 1903 120 1961 in
136 1903 196 1962 hoc
212 1919 337 1978 quoque
352 1904 431 1963 bello
447 1903 640 1966 mediocritas
663 1910 769 1963 nostra
790 1902 926 1976 speciosi
941 1903 994 1960 mi-

10 1986 122 2045 nisteri
135 1988 251 2046 locum=
274 1986 358 2046 linita
373 1988 508 2061 equestri
523 1988 628 2046 militia
643 1987 820 2058 designatus
838 1990 994 2057 quaestor,

10 2069 148 2128 necdum
168 2076 292 2129 senator
319 2076 467 2144 aequatus
493 2069 686 2127 senatoribus
712 2067 802 2124 etiam
827 2066 995 2137 designatis

10 2153 145 2212 tribunis
161 2153 263 2226 plebei
278 2158 395 2225 partem
412 2149 565 2210 exercitus
573 2150 612 2208 ab
621 2146 801 2209 urbetraditi
809 2147 847 2205 ab
854 2148 995 2220 Augusto

10 2236 148 2311 perduxi
163 2237 202 2294 ad
212 2235 306 2294 lilium
318 2234 394 2294 eius.
417 2235 452 2293 ln
467 2239 632 2308 quaestura
646 2231 757 2291 deinde
770 2229 900 2290 remissa
915 2240 1025 2294 sortea

10 2319 196 2395 prouinciae
210 2320 329 2392 legatus
345 2317 484 2376 eiusdem
499 2317 538 2375 ad
551 2316 680 2376 eundem
696 2315 825 2389 missus,
842 2330 920 2389 quas
937 2331 995 2374 nos

10 2404 117 2479 primo
144 2417 222 2459 anuo
250 2401 332 2459 acies
357 2401 490 2460 hostium
517 2400 663 2458 vidimus!
690 2398 811 2474 quantis
834 2399 996 2474 prudentia

10 2484 108 2544 ducis
124 2482 400 2555 opportunitatibus
416 2482 543 2540 furentis
556 2498 661 2541 eorum
670 2482 743 2541 viris
759 2483 918 2542 universas
928 2494 996 2539 eva·

10 2569 125 2635 simus,
135 2564 289 2637 [fudimus]
297 2561 450 2638 partibus!
463 2571 575 2637 quanto
584 2580 653 2623 cum
661 2571 897 2639 temperamento
906 2567 995 2625 simul

10 2647 152 2711 utilitatis
164 2663 215 2706 res
227 2647 404 2706 auctoritate
419 2646 609 2720 imperatoris
624 2648 672 2721 agi
684 2644 830 2706 vidimus!
847 2638 909 2722 qua
925 2665 995 2720 pru-

12 2728 508 2804 dentiahibernadispositasuntt
522 2737 635 2806 quanto
645 2744 737 2805 opere
749 2730 886 2790 inclusus
894 2738 995 2790 custo-

12 2816 75 2876 diis
90 2814 203 2873 nostris
218 2815 388 2888 exercitus,
406 2829 446 2872 ne
460 2829 521 2888 qua
533 2821 642 2888 posset
654 2830 830 2890 erumpere,
844 2814 997 2890 inopsque

14 2898 177 2974 copiarum
191 2903 221 2956 et
233 2896 310 2957 intra
323 2913 358 2958 se
374 2898 479 2957 lurens
498 2897 614 2958 viribus
632 2898 731 2958 hostis
751 2901 995 2973 elanguesceret!

105 2982 192 3041 CXII.
220 2979 306 3040 Felix
321 2988 447 3053 eventu,
464 2981 542 3042 torte
556 2988 669 3043 conatu
683 2981 782 3057 prima
796 2989 911 3042 aestate
925 2981 1020 3042 belli]

15 3064 178 3127 Messalini
193 3081 272 3139 opus
288 3064 493 3124 mandandum
506 3072 554 3125 est
566 3064 740 3125 memoriae.
766 3063 821 3137 Qui
836 3066 882 3121 vir
897 3062 1025 3125 animoa

16 3152 109 3211 etiam
131 3164 222 3224 quam
243 3154 333 3222 gente
354 3147 498 3219 nobilior,
521 3145 742 3220 dignissimus,
758 3146 810 3220 qui
831 3153 860 3204 et
883 3152 999 3222 patrem

16 3234 182 3294 Corvinum
197 3229 372 3302 habuisset,
394 3237 424 3289 et
439 3245 608 3302 cognomen
630 3245 719 3289 suum
734 3227 837 3288 Cottae
852 3227 935 3288 fratri
949 3243 1002 3287 res

16 3318 183 3391 linqueret,
197 3312 393 3388 praepositus
400 3310 539 3389 illyrico,
553 3313 653 3372 subita
659 3312 824 3372 rebellione
833 3328 900 3372 cum
908 3311 997 3372 semi-

17 3403 112 3477 plena
131 3398 253 3472 legione
267 3397 413 3457 vicesima
428 3395 631 3457 circumdatus
652 3395 754 3456 hostili
769 3397 920 3470 exercitu,
936 3413 997 3455 am·

16 3486 99 3560 plius
114 3481 219 3556 viginti
242 3479 324 3540 milia
343 3479 475 3540 hostium
491 3478 568 3540 ludit
582 3480 772 3557 fugavitque,
794 3486 825 3539 et
845 3482 883 3541 ob
905 3480 936 3539 id
951 3495 999 3538 or-

16 3573 167 3627 namentis
183 3564 414 3639 triumphalibus
430 3564 597 3624 honoratus
613 3571 670 3625 est.
706 3564 750 3623 lta
770 3564 910 3639 placebat
930 3562 1027 3622 bar-3

64 3649 330 3708 VerrunPuruac.
755 3651 760 3661 '
819 3655 836 3708 6
