2348 4222
170 293 212 360 72
445 294 485 351 Μ.
504 292 644 351 VELLEl
665 292 880 352 PATERCULl

168 446 233 506 riae
248 443 382 519 inopiam
397 443 438 502 ita
454 442 556 502 Ostiae
570 449 663 517 atque
679 442 707 501 in
723 443 799 502 urbe
813 443 955 502 mandato
974 442 1046 503 vitri

170 531 294 590 deratus
308 534 371 601 est,
394 533 428 587 ut
448 541 504 601 per
524 527 571 600 id,
594 526 677 601 quod
697 526 821 601 agebat,
844 533 978 600 quantus
1003 543 1046 587 evt

137 621 154 671 a
170 618 268 684 esset,
291 612 432 672 eluceret.
460 610 523 670 Nec
537 611 631 669 multo
649 618 720 683 post
734 609 848 670 missus
864 610 902 668 ab
919 612 1033 671 eodem

170 713 238 756 cum
250 695 385 756 exercitu
397 694 437 753 ad
448 694 594 753 visendus
609 693 858 770 ordinandasque
869 709 949 768 quae
962 694 1046 756 sub(

170 787 255 854 sunt,
270 779 445 856 provincias
461 776 636 852 praecipuis
654 779 785 837 omnium
803 779 944 837 virtutum
959 794 1043 853 expe

167 865 206 924 tis
227 864 257 923 in
279 879 317 922 eo
338 869 437 922 tractu
455 860 561 934 editis,
585 876 653 920 cum
675 860 847 935 legionibus
868 861 1032 935 ingressus

168 948 259 1021 niam,
271 946 440 1005 redactaea
453 945 483 1003 in
498 952 678 1017 potestatem
694 962 733 1019 po
738 946 798 1019 puli
807 947 934 1005 Romani
948 961 1045 1020 regnu

168 1030 332 1089 Artauasdi
348 1029 441 1089 dedit.
472 1028 546 1086 Tum
561 1044 617 1086 rex
634 1045 758 1103 quoque
772 1028 952 1088 Parthorum
967 1032 1045 1090 tanti

168 1115 216 1173 nis
231 1115 312 1172 lama
324 1114 446 1172 territus
461 1111 575 1172 liberos
594 1128 669 1172 suos
685 1113 725 1171 ad
740 1113 901 1172 Caesarem
917 1114 1003 1173 misit
1018 1114 1045 1174 ol

137 1207 152 1256 1
247 1198 337 1257 XCV.
365 1197 536 1256 Reversum
553 1197 625 1255 inde
638 1196 789 1255 Neronem
805 1197 917 1256 Caesar
940 1197 1045 1257 haudt

168 1280 228 1340 cris
244 1281 315 1341 belli
330 1280 411 1340 mole
422 1280 555 1354 experiri
571 1280 682 1353 statuit,
700 1279 839 1340 adiutore
855 1279 960 1354 operis
974 1282 1045 1341 dato

167 1365 266 1439 ipsius
282 1364 384 1425 Druso
401 1363 542 1437 Claudio,
566 1380 657 1437 quem
672 1363 750 1422 intra
765 1363 905 1423 Caesaris
925 1366 1045 1438 penatis

135 1459 151 1510 2
167 1457 232 1509 erat
245 1448 340 1508 Livia.
370 1448 490 1523 Quippe
505 1455 634 1522 uterque
650 1448 757 1507 divisis
772 1448 910 1522 partibus
926 1448 1045 1509 Rhaetc

167 1532 348 1608 delicosque
374 1532 531 1606 adgressi,
557 1530 659 1591 multis
684 1531 804 1591 urbium
827 1539 856 1591 et
877 1533 1045 1593 castelloru

167 1617 405 1690 pugnationibus
417 1631 474 1675 nec
486 1632 547 1676 non
560 1616 675 1675 directa
687 1631 812 1690 quoque
823 1614 889 1674 acie
904 1616 1038 1676 feliciter

167 1782 300 1854 quentis,
319 1781 438 1839 leritatc
453 1782 547 1840 trucis
562 1781 679 1840 maiore
694 1798 761 1841 cum
779 1784 914 1856 periculo
932 1800 1029 1855 quam

166 1864 296 1923 Romani
313 1864 483 1938 exercitus,
505 1864 635 1938 plurimo
657 1880 852 1925 cumeorum
874 1869 1031 1939 sanguine

134 1956 314 2012 affluerunt.
337 1952 417 2007 Ante
434 1964 514 2022 quae
529 1956 668 2023 tempora
684 1965 815 2008 censura
825 1950 928 2008 Planci
946 1959 977 2009 et
989 1952 1042 2011 Par

166 2031 244 2093 inter
266 2033 453 2093 discordiam
474 2048 576 2108 neque
596 2032 674 2106 ipsis
695 2032 821 2108 honori,
843 2048 944 2106 neque
965 2038 1044 2111 reipt

165 2116 237 2177 usui
254 2119 366 2191 luerat,
390 2133 458 2177 cum
480 2117 567 2177 alteri
588 2116 635 2176 vis
653 2118 810 2191 censoria,
833 2116 919 2176 alteri
939 2119 1044 2180 vitad

165 2200 278 2261 Paulus
294 2203 346 2260 vix
364 2207 472 2273 posset
486 2201 614 2274 implere
630 2216 806 2274 censorem,
828 2200 961 2260 Plancus
981 2203 1044 2262 timt

165 2284 251 2343 beret
265 2298 322 2341 nec
341 2283 506 2356 quicquam
517 2282 650 2341 obiicere
665 2291 771 2357 posset
783 2284 1041 2348 adulescentibus

165 2381 228 2424 non
244 2373 429 2438 agnosceret
444 2381 541 2424 senex
557 2373 610 2425 aut
624 2365 794 2426 obiicientis
812 2369 940 2427 audiret.

136 2461 146 2510 t
247 2447 351 2507 XCVI.
384 2448 469 2508 llllors
485 2449 597 2508 deinde
612 2449 785 2526 Agrippae,
808 2451 859 2524 qui
882 2454 1043 2514 novitaten

165 2530 267 2591 multis
281 2532 374 2592 rebus
391 2532 605 2594 nobilitaverat
622 2543 714 2609 atque
729 2534 758 2594 in
776 2534 835 2593 hoc
852 2537 1042 2608 perduxerat

164 2614 294 2677 Neronis
307 2624 391 2677 esset
403 2633 501 2690 socer,
519 2619 669 2691 cuiusque
684 2619 807 2689 liberos,
824 2626 954 2692 nepotes
972 2640 1043 2684 suos

164 2703 323 2774 Augustus
342 2701 527 2775 praepositis
541 2700 595 2759 Gai
611 2718 647 2760 ac
659 2702 732 2760 Luci
748 2702 921 2762 nominibus
938 2707 1043 2780 adopt

165 2784 301 2842 admovit
317 2785 444 2856 propius
456 2784 607 2843 Neronem
620 2784 758 2844 Caesari:
775 2786 890 2860 quippe
905 2788 982 2847 lulla
1000 2791 1042 2849 fili

133 2876 150 2925 2
166 2881 245 2939 quae
262 2867 360 2925 luerat
371 2866 527 2942 Agrippae
542 2875 653 2942 nupta,
667 2868 781 2929 Neroni
797 2872 909 2943 nupsit.
934 2871 1043 2932 Subint

164 2950 225 3008 lum
240 2948 463 3024 Pannonicum,
483 2951 567 3024 quod
583 2952 757 3012 inchoatum
772 2955 810 3012 ab
827 2956 967 3029 Agrippa
982 2957 1043 3015 Mur

163 3032 294 3108 Vinicio,
311 3050 369 3095 avo
386 3041 447 3107 tuo,
463 3035 626 3107 consulari,
642 3052 783 3110 magnum
795 3045 947 3112 atroxque
958 3048 988 3098 et
1002 3058 1042 3115 pe

131 3126 148 3177 3
163 3119 295 3178 vicinum
311 3119 486 3180 imminebat
497 3120 611 3192 ltaliae,
628 3137 683 3194 per
693 3120 845 3180 Neronem
857 3131 977 3195 gestum
989 3133 1040 3184 est

163 3201 202 3259 tis
224 3201 741 3279 PannoniorumDelmatarumque
764 3206 904 3266 nationes
926 3208 1041 3282 situmq

164 3282 288 3356 gionum
309 3302 345 3344 ac
366 3286 523 3346 fluminum
544 3305 766 3362 numerumque
787 3297 817 3348 et
832 3291 955 3349 modum
971 3292 1042 3350 virit

165 3366 418 3443 celsissimnsque
439 3379 469 3429 ct
489 3372 663 3445 multiplicis
685 3389 722 3432 eo
744 3373 823 3433 bello
845 3375 991 3434 victorias
1008 3383 1039 3434 ta

163 3451 316 3524 peratoris
331 3452 390 3512 alio
404 3454 474 3512 loco
487 3455 723 3527 explicabimus:
739 3456 891 3531 hocopus
906 3467 1009 3518 servet
1022 3462 1042 3517 n

165 3550 262 3594 suam.
289 3536 386 3596 Huius
402 3537 548 3596 victoriae
564 3555 691 3616 compos
707 3540 786 3600 Nero
802 3556 900 3601 ovans
913 3543 1042 3617 triumpl
