2348 4222
207 360 417 421 HISTORIAE
440 362 631 423 ROMANAE
654 365 694 436 ll,
715 373 759 426 80.
928 367 968 427 63

10 522 54 583 m
69 508 160 584 prius
175 511 389 585 despondente
404 512 431 570 ei
447 511 582 586 Nerone,
603 515 652 573 cui
668 522 737 573 ante
752 523 846 589 nupta
861 517 966 589 luerat,

10 588 118 671 fv'iam,
134 595 301 668 auspicatis
313 595 499 668 reipublicae
513 597 664 657 ominibus
672 597 884 657 duxisseteam
891 617 967 659 uxo-

10 678 66 750 ξι),
83 675 231 751 Pompeio
248 678 432 759 Siciliaeque
453 679 563 738 bellum
579 679 686 739 intulit.
724 680 783 740 Sed
801 683 897 741 virum
913 683 996 744 hub

10 752 76 827 lna
90 776 150 834 ope
163 761 305 821 invictum
317 762 450 835 graviter
461 777 498 820 eo
507 768 649 837 tempore
662 764 782 823 lortuna
797 767 967 825 concussit:

10 838 106 918 [lippe
127 843 219 917 longe
234 846 379 905 maiorem
402 852 517 917 partem
534 848 642 906 classis
660 847 741 906 cirea
755 848 874 907 Veliam
891 848 966 908 Pali-

10 928 119 1001 ¹inique
137 927 376 1001 promontorium
391 928 499 987 adorta
513 928 560 988 vis
576 929 671 989 Alrici
691 931 838 990 laceravit
853 946 889 989 ac
906 932 966 990 dis-

10 1006 60 1085 lit.
82 1009 128 1068 Ea
142 1012 292 1084 patrando
314 1012 394 1071 bello
409 1026 495 1070 mora
510 1013 579 1085 fuit,
601 1014 684 1088 quod
706 1021 815 1087 postea
833 1012 926 1072 dubia
940 1022 997 1077 eta

10 1093 137 1153 lerdum
148 1095 271 1170 ancipiti
282 1096 402 1154 fortuna
410 1102 530 1168 gestum
542 1104 603 1156 est:
616 1113 685 1156 nam
698 1106 728 1157 et
740 1097 849 1157 elassis
858 1099 967 1156 eodem

10 1188 54 1239 lto
70 1185 181 1237 vexata
193 1186 240 1237 est
254 1184 433 1253 tempestate
443 1185 514 1238 etut
529 1180 629 1240 navali
640 1180 737 1254 primo
752 1180 868 1254 proelio
884 1181 967 1254 apud

10 1260 86 1334 ylas
104 1261 197 1320 ductu
212 1262 370 1336 Agrippae
386 1271 553 1336 pugnatum
568 1280 732 1338 prospere,
754 1264 795 1323 ita
809 1265 966 1338 inopinato

10 1344 97 1407 assis
119 1345 251 1405 adventu
272 1347 374 1419 gravis
396 1346 453 1404 sub
481 1346 578 1419 ipsius
601 1346 740 1406 Caesaris
768 1348 864 1407 ocirlis
886 1348 967 1405 circa

10 1429 221 1487 auromenium
242 1437 370 1503 accepta
391 1429 511 1496 clades;
534 1446 634 1504 neque
655 1431 693 1488 ab
715 1431 783 1502 ipso
801 1431 968 1503 periculum

10 1510 93 1569 aluit.
133 1512 296 1584 Legiones,
320 1528 400 1586 quae
416 1527 483 1570 oum
499 1511 662 1572 Cornificio
678 1520 764 1571 erant
777 1514 877 1584 legato
894 1512 966 1569 Cae-

10 1594 84 1664 tris,
107 1592 266 1666 expositae
287 1595 317 1651 in
338 1600 447 1652 terram
470 1609 568 1667 paene
590 1611 608 1652 a
628 1594 774 1669 Pompeio
797 1610 967 1668 oppressae

10 1682 69 1732 mt.
108 1673 171 1733 Sed
186 1676 324 1749 ancipitis
340 1676 460 1735 fortuna
475 1679 622 1750 temporis
638 1686 755 1737 mature
776 1677 885 1738 virtute
901 1693 994 1742 cor-5

10 1764 86 1823 ¹acta:
109 1758 268 1833 explicatis
284 1761 399 1834 quippe
414 1759 683 1835 utriusquepartis
700 1760 852 1821 classibus
868 1776 966 1834 paene

10 1840 130 1900 mnibus
154 1850 263 1902 exutus
290 1844 419 1902 navibus
443 1842 607 1917 Pompeius
633 1846 739 1905 Asiam
766 1847 836 1919 luga
863 1845 967 1919 petivit

10 1938 136 2000 rssuque
151 1925 189 1986 M.
203 1927 334 1998 Antoni,
357 1927 444 1986 euius
461 1941 552 2001 opem
567 1930 708 2002 petierat,
731 1931 803 1988 dum
819 1930 896 1986 inter
911 1929 965 1988 du-

10 2023 53 2067 am
73 2017 104 2068 et
118 2010 288 2084 supplicem
310 2011 506 2070 tumultuatur
521 2018 551 2068 et
565 2028 644 2070 nunc
659 2012 834 2084 dignitatem
849 2009 966 2082 retinet,

10 2108 68 2152 unc
79 2093 170 2151 vitam
186 2101 340 2166 precatur,
365 2091 472 2151 aTitio
487 2093 638 2162 iugulatus
659 2098 721 2164 est,
743 2092 792 2150 cui
809 2094 967 2151 intantum

11 2176 107 2235 uravit
122 2176 181 2234 hoc
196 2175 333 2235 facinore
349 2181 538 2234 contractum
553 2175 671 2247 odium,
692 2181 725 2233 ut
746 2190 817 2234 mox
832 2175 921 2232 ludos
937 2175 967 2231 in

10 2267 105 2318 teatro
129 2258 254 2332 Pompei
279 2257 397 2317 faciens
429 2258 623 2317 execratione
647 2258 754 2332 populi
780 2258 967 2332 spectaculo,

10 2343 73 2401 uod
90 2342 271 2415 praebebat,
288 2343 459 2415 pelleretur.

72 2424 186 2483 LXXX.
226 2425 391 2484 Aeciverat
410 2439 521 2497 gerens
538 2433 644 2485 contra
657 2424 834 2499 Pompeium
855 2424 992 2493 belluml

10 2524 26 2564 x
43 2506 148 2563 Africa
164 2505 277 2564 Caesar
290 2507 439 2578 Lepidum
458 2523 528 2566 cum
548 2507 710 2566 duodecim
732 2507 908 2580 semiplenis
924 2510 965 2565 le-

9 2586 141 2648 ionibus.
177 2586 234 2647 Hic
250 2588 296 2647 vir
311 2589 445 2648 omnium
460 2588 645 2648 vanissimus
662 2605 762 2663 neque
782 2592 843 2648 ulla
859 2591 994 2657 virtutes

10 2673 182 2744 malongam
194 2673 334 2731 fortunae
345 2671 563 2745 indulgentiam
575 2670 965 2731 meritusexercituumn-

10 2757 52 2827 ei,
71 2755 144 2828 quia
158 2755 286 2829 propior
300 2756 412 2826 luerat,
429 2764 609 2831 sequentem
625 2773 684 2816 non
707 2756 804 2828 ipsius
822 2756 876 2813 sed
894 2756 965 2814 Cae-

10 2839 65 2899 aris
82 2840 290 2899 auctoritatem
303 2855 339 2898 ac
353 2839 460 2912 fidem,
476 2839 534 2899 sibi
552 2841 692 2899 iunxerat
705 2839 890 2911 inflatusque
904 2853 965 2898 am-

10 2923 68 2982 lius
85 2922 188 2997 viginti
211 2923 363 2998 legionum
379 2938 504 2984 numero
525 2923 605 2982 inid
627 2924 738 2984 luroris
760 2932 965 2997 processerat,

10 3007 139 3069 tinutilis
153 3008 270 3068 alienae
283 3008 429 3068 victoriae
443 3020 562 3081 comes,
578 3024 669 3082 quam
685 3007 738 3066 diu
753 3015 887 3067 moratus
904 3013 969 3063 erat

9 3090 168 3151 issidendo
196 3092 224 3149 in
251 3091 387 3152 consiliis
404 3092 544 3151 Caesaris
571 3100 601 3150 et
622 3106 746 3163 semper
765 3089 889 3148 diversa
910 3087 967 3158 liis,

10 3190 68 3234 uae
82 3175 148 3234 aliis
172 3176 349 3250 placebant,
372 3175 519 3246 dicendo,
540 3179 634 3231 totam
654 3171 811 3230 victoriam
833 3175 866 3228 ut
881 3185 967 3227 suam

10 3259 244 3333 iterpretabatur
257 3259 451 3331 audebatque
463 3255 641 3315 denuntiare
650 3254 788 3326 Caesari,
805 3253 967 3312 excederet

9 3343 102 3403 icilia.
124 3341 441 3416 NonabScipionibus
457 3341 586 3414 aliisque
598 3338 995 3399 veteribusRomanorum3

10 3442 102 3488 ucum
121 3426 285 3501 quiequam
307 3441 415 3484 ausum
431 3431 640 3498 patratumque
661 3421 768 3482 fortius
791 3438 881 3498 quarn
896 3428 967 3481 tunc

14 3510 166 3571 Caesare:
184 3509 506 3585 quippecuminermis
517 3510 832 3580 etlaoernatusesset,
847 3513 968 3579 praeter

10 3610 100 3657 omen
113 3595 186 3654 nihil
198 3594 320 3654 trahens
335 3594 494 3667 ingressus
507 3600 606 3653 castra
614 3591 736 3666 Lepidi,
752 3590 870 3650 evitatis
889 3601 968 3660 quae
