2348 4222
632 274 640 313 ι’

246 326 458 427 ursuoatan
478 365 670 427 nonanus
692 369 733 444 η,
757 378 800 430 12.
974 373 1014 435 η

24 502 97 613 ,ique
112 518 142 575 in
157 516 263 575 Africa
277 515 461 597 negotiantis
480 517 653 578 criminatus
669 519 779 579 Metelli
796 522 1014 600 lentitudinem,

25 600 180 660 ¹trahentis
196 601 256 657 iam
271 600 436 675 intertium
451 616 563 659 annum
583 601 711 675 beilum,
735 612 764 662 et
778 607 944 666 naturalem
959 624 1014 668 no·

28 683 157 745 bilitatis
179 683 353 757 superbiam
374 678 576 761 mogandique
596 684 626 741 in
651 685 786 759 imperiis
809 688 1014 765 cupiditatem,

10 820 14 833 ‚
36 767 137 827 effecit
149 771 196 839 ut,
217 780 285 824 cum
301 781 438 825 commea
485 767 580 840 petito
595 768 724 826 Romam
737 769 889 842 venisset,
906 776 1015 833 consul

10 844 22 943 ᾧ
35 856 190 908 crearetur
210 847 344 922 bellique
359 864 459 922 paene
472 849 584 922 patrati
600 865 618 908 a
632 849 754 911 Metello
772 853 824 925 qui
846 853 894 912 bis
909 855 1014 927 Iugur-

12 933 115 991 .tham
136 931 202 989 acie
227 931 362 1003 fuderat,
390 947 510 991 summa
535 933 772 993 committeretur
798 935 866 994 sibi.
902 936 1014 997 Metelli

10 1070 15 1077 .
30 1023 134 1073 tamen
150 1020 180 1072 et
191 1013 364 1088 triumphus
386 1015 441 1074 luit
455 1015 643 1074 clarissimus
659 1023 689 1074 et
709 1017 845 1077 moritum
861 1020 972 1079 virtute
986 1019 1015 1079 ei

33 1112 206 1170 cognomen
220 1095 372 1175 Numidici
387 1096 523 1156 inditum.
556 1099 595 1158 Ut
609 1099 701 1172 paulo
717 1107 787 1159 ante
801 1097 951 1161 Domitiae
971 1104 1047 1161 lat

29 1179 149 1252 miliae,
166 1178 374 1239 ¹ita'Caeciliae
389 1180 525 1240 notanda
546 1180 694 1242 claritudo
711 1191 772 1242 est:
797 1184 914 1259 quippe
936 1186 1015 1244 intra
1068 1196 1096 1233 .’
1129 1188 1162 1245 1⁴⁴.

29 1261 197 1322 duodecim
222 1264 317 1321 ferme
341 1279 440 1323 annos
465 1264 556 1323 huius
582 1265 729 1338 temporis
756 1270 901 1327 consules
927 1269 1052 1337 luere,¹

27 1345 144 1405 Metelli
160 1352 212 1404 aut
226 1361 372 1406 censores
388 1353 439 1406 aut
452 1347 675 1422 triumpharunt
688 1348 818 1422 amplius
834 1350 1013 1423 duodecies
1021 1340 1062 1373 '‘¹''
1069 1330 1086 1369 ’θ
1108 1420 1111 1425 Ι
1146 1347 1155 1359 “

26 1438 65 1490 ut
85 1435 235 1502 appareat
256 1429 514 1502 quemadmodum
534 1431 654 1491 urbium
676 1431 951 1506 imperiorumque,
973 1428 1062 1490 ita'·
1096 1458 1121 1477 ι·
1154 1438 1173 1495 ‘l

26 1513 165 1587 gentium
185 1527 267 1571 nunc
288 1511 400 1572 florere
425 1513 592 1584 fortunam,
620 1530 703 1572 nunc
724 1529 904 1584 senescere,
934 1530 1015 1572 nunc
1038 1524 1064 1592 ς’,
1078 1518 1158 1599 'ffb

26 1596 163 1655 interire.
1071 1602 1094 1677 J,

114 1676 179 1733 ΧΠ.
206 1675 248 1733 At
263 1675 293 1732 C.
308 1674 424 1733 Marius
439 1676 472 1733 L.
489 1674 602 1733 Sullam
617 1675 676 1733 iarn
690 1684 760 1735 tunc
776 1685 812 1736 ut
827 1693 1012 1752 praecaven-
1029 1689 1044 1739 t
1102 1612 1157 1733 *s*

25 1762 113 1821 tibus
129 1758 199 1817 latis
215 1757 391 1841 copulatum
413 1757 470 1816 sibi
493 1765 686 1832 quaestorem
709 1760 814 1819 habuit
828 1768 858 1821 et
871 1777 1013 1836 per-aum
1043 1748 1113 1813 ,filo
1136 1769 1174 1815 >t

26 1843 160 1902 missum
181 1840 221 1898 ad
236 1840 344 1914 'regem
359 1841 513 1900 Bocchum
534 1842 679 1916 iugurtha
699 1858 772 1917 rege
788 1843 898 1903 abhinc
913 1861 1012 1904 annos
1050 1874 1098 1915 Ἡ
1114 1826 1164 1909 fb·

10 1960 11 1967 κ
26 1928 127 1986 ferme
143 1929 262 1983 centum
274 1924 395 1998 triginta
407 1931 550 1999 quattuor
563 1927 678 1999 potitus
691 1934 753 1995 est;
770 1927 1013 2000 designatusque
1057 1938 1092 2003 g]
1106 1937 1163 2025 ἢ,

25 2009 139 2068 iterum
151 2007 260 2066 consul
275 2007 305 2064 in
318 2007 426 2067 urbem
436 2023 582 2067 reversus
594 2010 723 2067 secundi
736 2012 913 2068 consulatus
927 2009 1012 2068 initio
1076 2006 1081 2016 “
1099 2002 1117 2075 ”1
1127 2066 1139 2095 Ι,

24 2091 178 2150 Kalendis
200 2089 348 2149 Ianuariis
375 2105 445 2147 eum
469 2091 500 2146 in
525 2090 679 2161 triumpho
701 2091 798 2147 duxit.
833 2091 955 2162 Effusa,
982 2099 1014 2149 ut
1028 2092 1100 2143 π
1123 2098 1167 2147 or

23 2173 257 2250 praediximuS‚
279 2171 419 2229 immanis
435 2170 482 2226 vis
498 2169 716 2228 Germanarum
731 2171 881 2244 gentium,
903 2173 1013 2247 quibus
1065 2224 1068 2229 .
1130 2214 1163 2241 „

24 2271 145 2316 nomen
161 2252 289 2311 Cimbris
312 2268 348 2310 ac
368 2251 515 2310 Teutonis
536 2260 614 2325 erat,
640 2268 707 2311 cum
724 2253 908 2326 Caepionem
928 2254 1011 2312 Man·
1048 2256 1063 2313 ,'
1084 2246 1170 2325 iffa

24 2342 170 2407 liumque
182 2335 334 2406 consules
349 2340 378 2392 et
388 2339 456 2393 ante
468 2324 638 2396 Ca‘r'bonem
651 2333 849 2411 Silanumque
861 2336 1016 2397 fudissent
1114 2352 1131 2393 ..s

28 2422 258 2490 fugassentque
281 2414 312 2474 in
329 2416 433 2476 Galliis
448 2426 478 2477 et
497 2419 656 2490 exuissent
676 2419 828 2493 exercitu,
851 2419 1021 2479 scaurum-s
1034 2382 1127 2473 dj,
1139 2416 1171 2478 (2-

28 2516 96 2576 quc
120 2499 275 2557 Aurelium
296 2502 489 2559 consularem
511 2507 541 2559 et
565 2500 642 2559 alios
669 2501 857 2562 celeberrimi
881 2498 1020 2562 nominis*
1083 2544 1112 2593 ἢ

24 2585 120 2643 viros
136 2582 350 2656 trucidassent,
366 2583 500 2657 populus
510 2585 668 2642 Romanus
682 2600 745 2642 non
758 2584 849 2643 alium
863 2587 1012 2658 repellen-
1063 2590 1077 2601 ·”
1114 2554 1165 2603 '⁹⁸'

26 2669 81 2727 dis
107 2665 199 2723 tantis
225 2664 368 2724 hostibus
392 2666 491 2738 magis
516 2666 661 2726 idoneum
686 2665 902 2740 imperatorem
922 2683 1014 2739 quam

23 2750 162 2810 Marium
177 2753 225 2806 est
238 2754 332 2807 retus
355 2750 430 2808 Tum
445 2749 633 2823 multiplicati
649 2751 828 2809 consulatus
844 2749 920 2807 eius
942 2749 1045 2809 Ter-3
1104 2740 1132 2787 ''·
1149 2760 1171 2777 ¹·

24 2834 91 2893 tius
107 2831 138 2888 in
153 2836 302 2904 apparatu
314 2832 385 2890 belli
396 2839 615 2906 consumptum
636 2848 697 2906 quo
710 2848 790 2891 anno
804 2831 1013 2892 CnDomitius

24 2914 172 2975 tribunus
196 2913 296 2987 plebis
318 2916 417 2987 legem
441 2916 521 2987 tulit,
547 2922 581 2973 ut
600 2916 795 2987 sacerdotes,
822 2932 902 2990 quos
925 2921 1015 2974 antea

26 2997 171 3068 collegae
186 2996 387 3068 sufficiebant,
404 2998 537 3072 populus
554 3004 680 3058 crearet.
704 2999 815 3070 Quarto
830 3004 914 3056 trans
926 2997 1014 3067 Alpis
1030 2999 1047 3052 4

27 3081 118 3140 circa
131 3082 238 3153 Aquas
256 3078 377 3139 Sextias
395 3096 463 3139 cum
473 3080 617 3140 Teutonis
634 3081 781 3151 conflixit,
798 3081 1015 3151 ampliuscen-

25 3174 96 3225 tum
114 3162 334 3236 quinquaginta
348 3162 430 3221 milia
444 3163 579 3222 hostium
599 3163 702 3235 priore
717 3177 753 3220 ac
769 3168 895 3234 postero
912 3159 961 3216 die
976 3158 1015 3218 ab

27 3263 72 3306 eo
90 3245 247 3317 trucidati,
264 3260 404 3319 gensque
420 3247 525 3305 excisa
540 3244 718 3302 Teutonum.
750 3243 859 3315 Quinto
875 3243 949 3301 citra
962 3244 1045 3302 Alf>

22 3331 81 3406 pis
98 3328 130 3385 in
146 3328 279 3403 campis,
306 3327 417 3401 quibus
437 3342 549 3386 nomen
570 3334 635 3386 erat
648 3326 791 3400 RaudiiS,
817 3327 885 3400 ipse
906 3328 1014 3385 consul

23 3421 60 3473 et
84 3413 255 3485 proconsul
273 3411 306 3484 Q.
322 3410 460 3469 Lutatius
477 3409 599 3469 Catulus
619 3409 859 3470 fortunatissimo
878 3410 1015 3468 decerta·

21 3510 106 3556 vere
128 3493 265 3568 proelio;
293 3509 385 3553 caesa
400 3500 451 3552 aut
467 3500 555 3567 capta
570 3494 699 3567 amplius
715 3493 847 3552 ducenta
866 3493 947 3551 milia
960 3492 1015 3547 ho-

19 3579 160 3643 minum.
187 3578 253 3636 Hac
274 3575 402 3636 victoria
422 3577 543 3636 videtur
563 3578 712 3636 meruisse
732 3577 863 3650 Marius,
888 3590 927 3632 ne
949 3572 1015 3630 eius
