2348 4222
181 269 223 335 76
446 269 486 326 Μ.
509 266 651 325 VELLEI
671 265 887 325 PATERCULl

180 425 210 482 in
227 421 406 495 conloquio,
430 421 478 479 cui
495 435 530 479 se
550 425 664 477 temere
679 416 865 490 crediderat,
888 417 972 476 circa
987 417 1061 477 Arta

180 505 313 579 graviter
335 504 517 577 aquodam,
541 502 664 561 nornine
678 502 806 574 Adduo,
828 502 1010 561 vnlneratus
1027 516 1061 559 ex

181 604 296 662 corpus
307 587 407 645 minus
423 586 533 658 habile,
548 586 589 644 ita
601 584 733 643 animum
745 585 844 644 minus
858 584 963 644 utilem
978 585 1061 658 rcipp

147 685 165 737 4
179 671 294 731 habere
309 670 420 744 coepit.
441 670 504 728 Nec
520 669 616 728 deluit
630 667 822 728 conversatio
837 667 995 727 hominum
1011 668 1061 727 viti

181 754 389 815 assentatione
405 753 562 825 alentium,
584 753 707 826 (etenim
729 768 851 826 semper
870 766 1005 824 magnae
1027 753 1061 812 lot

181 854 284 898 comes
301 838 389 897 adest
411 836 559 906 adulatio)
581 852 636 909 per
651 852 730 910 quae
745 852 782 895 eo
798 837 908 895 ductus
924 841 1009 909 erat,
1030 842 1061 895 ut

180 923 254 980 timo
269 937 306 980 ac
320 920 525 978 remotissimo
547 926 695 979 terrarum
711 918 793 978 orbis
808 920 921 992 angulo
937 934 1061 979 consen

149 1021 165 1069 s
181 1020 272 1077 quarn
288 1005 416 1062 Romam
431 1002 552 1074 regredi
568 1003 679 1063 mallet.
705 1003 765 1062 Diu
780 1002 890 1061 deinde
904 1004 1061 1063 reluctatur

179 1092 293 1160 tusque
307 1093 464 1145 revertens
479 1088 509 1144 in
525 1086 640 1145 ltaliam
656 1085 685 1144 in
701 1085 778 1145 urbe
791 1086 915 1162 Lyciae,
928 1085 1054 1163 Limyra

180 1178 269 1242 nant,
285 1171 393 1230 morbo
410 1168 497 1243 obiit,
519 1187 588 1230 curn
604 1178 674 1229 ante
689 1186 800 1228 annum
816 1170 911 1227 ferme
925 1169 961 1227 L.
980 1170 1061 1230 Caesi

179 1260 226 1313 ter
241 1255 307 1313 eius
321 1254 486 1328 Hispanias
503 1261 611 1328 petens
626 1253 781 1312 Massiliae
796 1253 1002 1313 decessisset.

148 1353 162 1403 l
261 1337 335 1399 0111.
358 1337 421 1398 Sed
437 1339 572 1409 fortuna,
589 1353 668 1413 quae
683 1337 873 1397 subduxerat
887 1353 981 1411 spem
997 1353 1061 1413 magr

179 1422 285 1497 minis,
314 1423 372 1482 iam
400 1429 464 1481 turn
488 1421 677 1495 reipublicae
705 1436 762 1479 sua
789 1420 945 1495 praesidia
975 1418 1061 1481 rediit'

181 1507 296 1581 quippe
311 1514 380 1566 ante
394 1505 556 1579 utriusque
570 1504 677 1565 horum
692 1505 808 1564 obitum
826 1511 913 1578 patre
928 1512 985 1565 tuo
1002 1504 1061 1564 RV

180 1590 309 1648 consule
329 1589 372 1647 Ti.
388 1590 468 1647 Nero
491 1604 635 1648 reversus
650 1588 761 1648 Rhodo
782 1587 954 1647 incredibili
976 1588 1061 1648 laetiti

146 1686 163 1739 2
179 1671 265 1729 triam
277 1673 458 1743 repleverat.
481 1672 548 1730 Non
561 1678 610 1730 cst
623 1672 676 1730 diu
687 1679 847 1730 cunctatus
860 1670 977 1731 Cacsar
989 1677 1061 1745 Augt

178 1768 281 1826 neque
296 1753 375 1810 enirn
392 1754 587 1826 quaerendus
599 1762 672 1828 erat,
689 1770 779 1828 quern
794 1756 918 1830 legeret,
935 1757 995 1815 sed
1007 1759 1061 1830 leg<

179 1836 231 1909 qui
247 1834 414 1905 eminebat;
433 1836 537 1910 itaque
552 1838 636 1912 quod
651 1844 723 1912 post
737 1838 810 1898 Luci
825 1845 955 1897 mortem
971 1840 1061 1899 adhut

177 1917 249 1979 vivo
266 1920 368 1980 lacere
382 1922 529 1994 voluerat,
546 1929 576 1981 et
591 1923 676 1995 quod
692 1922 886 1981 vehementer
900 1939 1060 1999 repugnari

177 2018 255 2064 rone
270 2013 335 2065 erat
349 2004 511 2079 inhibitus,
527 2013 600 2081 post
613 2007 774 2080 utriusque
789 2007 1061 2067 adulescentiumo

178 2088 280 2148 lacere
295 2088 513 2163 perseveravit,
528 2095 607 2149 utet
622 2090 799 2149 tribuniciae
815 2091 977 2163 potcstatis
995 2106 1061 2152 cons

177 2187 245 2229 nem
265 2172 379 2231 Neroni
400 2172 612 2245 constitueret,
633 2175 759 2232 multum
781 2172 903 2248 quidem
928 2190 966 2233 co
991 2192 1055 2235 eum

177 2261 240 2312 turn
261 2254 291 2310 in
311 2260 421 2312 senatu
441 2259 619 2325 recusante,
647 2262 677 2314 et
697 2271 766 2315 eum
787 2257 874 2315 Aelio
891 2257 982 2331 Cato,
1011 2255 1061 2319 01

178 2335 356 2394 consulibus
377 2335 416 2393 V.
437 2335 504 2396 Kal.
527 2336 633 2410 luliaS,
662 2346 733 2412 post
756 2338 863 2398 urbem
890 2340 1044 2402 conditam

177 2418 379 2491 septingentis
396 2420 617 2495 quinquaginta
632 2430 783 2496 quattuor,
800 2424 910 2482 abhinc
927 2441 1026 2486 annos
1039 2440 1061 2485 st

143 2508 205 2562 311
219 2502 340 2577 viginti,
364 2505 534 2579 adoptaret.
564 2504 722 2565 Laetitiam
738 2506 818 2566 illius
835 2507 895 2566 diei
911 2524 1059 2570 concursu

176 2584 305 2647 civitatis
321 2593 352 2647 et
365 2597 437 2649 vota
452 2604 550 2662 paene
564 2589 761 2648 inserentium
778 2591 865 2650 coelo
881 2608 992 2654 manus
1009 2607 1061 2669 sper

175 2678 356 2743 conceptam
377 2677 545 2744 perpetuae
566 2674 738 2732 securitatis
760 2676 1011 2753 aeternitatisque
1026 2674 1061 2735 Ro

174 2752 282 2824 imperi
296 2753 348 2810 vix
363 2753 392 2811 in
408 2754 459 2814 illo
475 2753 555 2816 iusto
572 2772 666 2831 opere
681 2757 803 2816 abunde
818 2761 967 2833 persequi
981 2756 1061 2836 potcr'

173 2835 287 2893 nedum
303 2834 353 2893 hic
368 2837 495 2911 implere
510 2846 675 2899 tentemus:
697 2839 728 2899 id
750 2858 842 2901 unum
859 2844 978 2904 dixisse
1000 2842 1061 2921 [soii

141 2931 159 2985 4
174 2935 266 2992 quam
281 2918 333 2978 ille
346 2924 445 2980 omnia
460 2922 602 2982 omnibus
618 2924 716 2983 fuerit.
749 2925 823 2984 Turn
844 2928 964 2987 refulsit
979 2934 1058 2988 certa

172 3001 338 3079 liberorum
356 3004 548 3080 parentibus,
564 3006 638 3065 viris
654 3007 928 3084 matrimoniorum,
955 3010 1061 3070 domini

173 3087 309 3161 trimoni,
326 3089 466 3148 omnibus
482 3087 657 3150 hominibus
674 3092 796 3164 salutis,
813 3094 939 3168 quietis,
956 3096 1058 3169 pacis,

173 3169 344 3242 quillitatis,
372 3174 451 3232 adeo
473 3180 506 3231 ut
527 3189 584 3232 nee
606 3176 676 3248 plus
699 3175 817 3249 sperari
838 3177 986 3252 potuerit,
1009 3193 1061 3238 net

171 3253 354 3325 responderi
370 3255 498 3313 felicius.

141 3343 151 3395 l
251 3334 326 3394 ClV.
353 3336 528 3411 Adoptatus
545 3340 652 3399 eadem
668 3342 717 3401 die
732 3344 821 3402 etiam
835 3344 875 3403 M.
891 3346 1046 3420 Agrippa,

171 3425 245 3493 post
264 3425 391 3478 mortem
406 3421 564 3494 Agrippae
585 3423 660 3484 Iulia
682 3425 772 3485 enixa
792 3435 872 3497 erat,
895 3430 951 3488 sed
972 3431 1002 3488 in
1024 3429 1061 3489 N<

172 3500 339 3576 adoptione
353 3502 425 3562 illud
449 3504 601 3567 adiectum
622 3508 670 3568 his
691 3510 767 3584 ipsis
785 3512 924 3571 Caesaris
944 3514 1061 3574 verbis:

25 3756 222 3880 Η
