<?xml version="1.0" encoding="UTF-8"?>
<!DOCTYPE html PUBLIC "-//W3C//DTD XHTML 1.0 Transitional//EN"
    "http://www.w3.org/TR/xhtml1/DTD/xhtml1-transitional.dtd">
<html xmlns="http://www.w3.org/1999/xhtml" xml:lang="en" lang="en">
 <head>
  <title>
</title>
<meta http-equiv="Content-Type" content="text/html;charset=utf-8" />
  <meta name='ocr-system' content='tesseract 3.04.00' />
  <meta name='ocr-capabilities' content='ocr_page ocr_carea ocr_par ocr_line ocrx_word'/>
</head>
<body>
  <div class='ocr_page' id='page_1' title='image "./mvelleipatercul00haasgoog/mvelleipatercul00haasgoog_0083.png"; bbox 0 0 2348 4222; ppageno 0'>
   <div class='ocr_carea' id='block_1_1' title="bbox 155 277 856 342">
    <p class='ocr_par' dir='ltr' id='par_1_1' title="bbox 155 277 856 342">
     <span class='ocr_line' id='line_1_1' title="bbox 155 277 856 342; baseline -0.007 -1"><span class='ocrx_word' id='word_1_1' title='bbox 155 279 195 342; x_wconf 73' lang='lat'>54</span> <span class='ocrx_word' id='word_1_2' title='bbox 421 278 461 336; x_wconf 86' lang='grc' dir='ltr'>Μ.</span> <span class='ocrx_word' id='word_1_3' title='bbox 481 278 622 336; x_wconf 81' lang='lat' dir='ltr'>VELLEl</span> <span class='ocrx_word' id='word_1_4' title='bbox 643 277 856 338; x_wconf 81' lang='lat' dir='ltr'><strong>PATERCULI</strong></span> 
     </span>
    </p>
   </div>
   <div class='ocr_carea' id='block_1_2' title="bbox 130 426 1060 3587">
    <p class='ocr_par' dir='ltr' id='par_1_2' title="bbox 154 426 1060 586">
     <span class='ocr_line' id='line_1_2' title="bbox 154 426 1060 507; baseline -0.001 -19"><span class='ocrx_word' id='word_1_5' title='bbox 154 429 242 489; x_wconf 92' lang='lat' dir='ltr'>iussu</span> <span class='ocrx_word' id='word_1_6' title='bbox 266 427 396 487; x_wconf 92' lang='lat' dir='ltr'>hominis</span> <span class='ocrx_word' id='word_1_7' title='bbox 423 428 595 502; x_wconf 84' lang='lat' dir='ltr'>pravissimi</span> <span class='ocrx_word' id='word_1_8' title='bbox 617 431 675 488; x_wconf 89' lang='lat' dir='ltr'>tela</span> <span class='ocrx_word' id='word_1_9' title='bbox 695 430 726 487; x_wconf 93' lang='lat' dir='ltr'>in</span> <span class='ocrx_word' id='word_1_10' title='bbox 747 445 816 488; x_wconf 92' lang='lat' dir='ltr'>eum</span> <span class='ocrx_word' id='word_1_11' title='bbox 837 429 916 487; x_wconf 88' lang='lat' dir='ltr'>iacta</span> <span class='ocrx_word' id='word_1_12' title='bbox 937 426 1060 507; x_wconf 58' lang='lat' dir='ltr'>crana(</span> 
     </span>
     <span class='ocr_line' id='line_1_3' title="bbox 155 510 1060 586; baseline 0 -17"><span class='ocrx_word' id='word_1_13' title='bbox 155 514 278 570; x_wconf 89' lang='lat' dir='ltr'>lacerna</span> <span class='ocrx_word' id='word_1_14' title='bbox 303 511 369 570; x_wconf 89' lang='lat' dir='ltr'>eius</span> <span class='ocrx_word' id='word_1_15' title='bbox 396 512 550 585; x_wconf 82' lang='lat' dir='ltr'>perforata</span> <span class='ocrx_word' id='word_1_16' title='bbox 574 519 657 570; x_wconf 92' lang='lat' dir='ltr'>esset</span> <span class='ocrx_word' id='word_1_17' title='bbox 684 513 804 585; x_wconf 90' lang='lat' dir='ltr'>lancea,</span> <span class='ocrx_word' id='word_1_18' title='bbox 838 513 972 586; x_wconf 80' lang='lat' dir='ltr'>aquilam</span> <span class='ocrx_word' id='word_1_19' title='bbox 1003 510 1060 585; x_wconf 83' lang='lat' dir='ltr'>legit¹</span> 
     </span>
    </p>

    <p class='ocr_par' dir='ltr' id='par_1_3' title="bbox 130 590 1060 1251">
     <span class='ocr_line' id='line_1_4' title="bbox 130 590 1060 669; baseline 0.002 -16"><span class='ocrx_word' id='word_1_20' title='bbox 130 611 264 669; x_wconf 34' lang='lat' dir='ltr'>*rapere</span> <span class='ocrx_word' id='word_1_21' title='bbox 289 610 383 653; x_wconf 88' lang='lat' dir='ltr'>aus-us</span> <span class='ocrx_word' id='word_1_22' title='bbox 408 603 464 654; x_wconf 85' lang='lat' dir='ltr'>est.</span> <span class='ocrx_word' id='word_1_23' title='bbox 504 593 621 669; x_wconf 83' lang='lat' dir='ltr'>Scires,</span> <span class='ocrx_word' id='word_1_24' title='bbox 648 594 721 669; x_wconf 90' lang='lat' dir='ltr'>quid</span> <span class='ocrx_word' id='word_1_25' title='bbox 742 595 903 654; x_wconf 79' lang='lat' dir='ltr'>interesset</span> <span class='ocrx_word' id='word_1_26' title='bbox 924 594 1005 653; x_wconf 87' lang='lat' dir='ltr'>inter</span> <span class='ocrx_word' id='word_1_27' title='bbox 1021 590 1060 655; x_wconf 74' lang='lat' dir='ltr'>du?</span> 
     </span>
     <span class='ocr_line' id='line_1_5' title="bbox 156 676 1060 752; baseline 0.002 -15"><span class='ocrx_word' id='word_1_28' title='bbox 156 681 262 737; x_wconf 87' lang='lat' dir='ltr'>armati</span> <span class='ocrx_word' id='word_1_29' title='bbox 286 679 431 737; x_wconf 86' lang='lat' dir='ltr'>inermem</span> <span class='ocrx_word' id='word_1_30' title='bbox 452 677 549 737; x_wconf 90' lang='lat' dir='ltr'>secuti</span> <span class='ocrx_word' id='word_1_31' title='bbox 570 686 641 739; x_wconf 88' lang='lat' dir='ltr'>sunt</span> <span class='ocrx_word' id='word_1_32' title='bbox 662 679 842 752; x_wconf 86' lang='lat' dir='ltr'>decimoque</span> <span class='ocrx_word' id='word_1_33' title='bbox 869 694 967 750; x_wconf 87' lang='lat' dir='ltr'>anno,</span> <span class='ocrx_word' id='word_1_34' title='bbox 994 676 1060 752; x_wconf 76' lang='lat' dir='ltr'>qual¹</span> 
     </span>
     <span class='ocr_line' id='line_1_6' title="bbox 157 758 1060 836; baseline 0 -15"><span class='ocrx_word' id='word_1_35' title='bbox 157 761 385 823; x_wconf 89' lang='lat' dir='ltr'>dissimillimam</span> <span class='ocrx_word' id='word_1_36' title='bbox 393 762 472 821; x_wconf 91' lang='lat' dir='ltr'>vitae</span> <span class='ocrx_word' id='word_1_37' title='bbox 480 776 556 820; x_wconf 90' lang='lat' dir='ltr'>suae</span> <span class='ocrx_word' id='word_1_38' title='bbox 564 763 728 835; x_wconf 87' lang='lat' dir='ltr'>potentiam</span> <span class='ocrx_word' id='word_1_39' title='bbox 743 768 939 836; x_wconf 88' lang='lat' dir='ltr'>pervenerat,</span> <span class='ocrx_word' id='word_1_40' title='bbox 955 758 1060 836; x_wconf 79' lang='lat' dir='ltr'>Lepidi</span> 
     </span>
     <span class='ocr_line' id='line_1_7' title="bbox 156 836 1060 919; baseline -0.001 -13"><span class='ocrx_word' id='word_1_41' title='bbox 156 864 174 906; x_wconf 84' lang='lat' dir='ltr'>a</span> <span class='ocrx_word' id='word_1_42' title='bbox 189 845 332 906; x_wconf 75' lang='lat' dir='ltr'>militibus</span> <span class='ocrx_word' id='word_1_43' title='bbox 348 853 379 905; x_wconf 89' lang='lat' dir='ltr'>et</span> <span class='ocrx_word' id='word_1_44' title='bbox 392 861 411 902; x_wconf 88' lang='lat' dir='ltr'>a</span> <span class='ocrx_word' id='word_1_45' title='bbox 425 846 545 905; x_wconf 84' lang='lat' dir='ltr'>fortuna</span> <span class='ocrx_word' id='word_1_46' title='bbox 555 846 695 904; x_wconf 93' lang='lat' dir='ltr'>desertus</span> <span class='ocrx_word' id='word_1_47' title='bbox 712 847 858 919; x_wconf 85' lang='lat' dir='ltr'>pullaque</span> <span class='ocrx_word' id='word_1_48' title='bbox 866 847 986 903; x_wconf 89' lang='lat' dir='ltr'>velatus</span> <span class='ocrx_word' id='word_1_49' title='bbox 995 836 1060 905; x_wconf 72' lang='lat' dir='ltr'>antid</span> 
     </span>
     <span class='ocr_line' id='line_1_8' title="bbox 156 927 1060 989; baseline 0 0"><span class='ocrx_word' id='word_1_50' title='bbox 156 930 234 989; x_wconf 88' lang='lat' dir='ltr'>inter</span> <span class='ocrx_word' id='word_1_51' title='bbox 253 929 387 988; x_wconf 81' lang='lat' dir='ltr'>ultimam</span> <span class='ocrx_word' id='word_1_52' title='bbox 409 927 626 989; x_wconf 84' lang='lat' dir='ltr'>confluentium</span> <span class='ocrx_word' id='word_1_53' title='bbox 648 927 686 986; x_wconf 91' lang='lat' dir='ltr'>ad</span> <span class='ocrx_word' id='word_1_54' title='bbox 708 928 868 987; x_wconf 86' lang='lat' dir='ltr'>Caesarem</span> <span class='ocrx_word' id='word_1_55' title='bbox 896 928 1060 989; x_wconf 75' lang='lat' dir='ltr'>turbamlal</span> 
     </span>
     <span class='ocr_line' id='line_1_9' title="bbox 156 1010 1060 1086; baseline 0 -16"><span class='ocrx_word' id='word_1_56' title='bbox 156 1012 286 1086; x_wconf 83' lang='lat' dir='ltr'>genibus</span> <span class='ocrx_word' id='word_1_57' title='bbox 301 1011 368 1071; x_wconf 89' lang='lat' dir='ltr'>eius</span> <span class='ocrx_word' id='word_1_58' title='bbox 384 1011 547 1070; x_wconf 89' lang='lat' dir='ltr'>advolutus</span> <span class='ocrx_word' id='word_1_59' title='bbox 560 1018 622 1081; x_wconf 87' lang='lat' dir='ltr'>est;</span> <span class='ocrx_word' id='word_1_60' title='bbox 643 1011 706 1070; x_wconf 83' lang='lat' dir='ltr'>vita</span> <span class='ocrx_word' id='word_1_61' title='bbox 719 1027 883 1085; x_wconf 88' lang='lat' dir='ltr'>rerumque</span> <span class='ocrx_word' id='word_1_62' title='bbox 899 1010 1060 1077; x_wconf 77' lang='lat' dir='ltr'>suarumdo</span> 
     </span>
     <span class='ocr_line' id='line_1_10' title="bbox 157 1093 1060 1170; baseline 0.001 -16"><span class='ocrx_word' id='word_1_63' title='bbox 157 1095 240 1154; x_wconf 93' lang='lat' dir='ltr'>nium</span> <span class='ocrx_word' id='word_1_64' title='bbox 255 1109 406 1153; x_wconf 89' lang='lat' dir='ltr'>concessa</span> <span class='ocrx_word' id='word_1_65' title='bbox 421 1094 450 1153; x_wconf 92' lang='lat' dir='ltr'>ei</span> <span class='ocrx_word' id='word_1_66' title='bbox 466 1102 549 1168; x_wconf 89' lang='lat' dir='ltr'>sunt,</span> <span class='ocrx_word' id='word_1_67' title='bbox 565 1095 710 1170; x_wconf 87' lang='lat' dir='ltr'>spoliata,</span> <span class='ocrx_word' id='word_1_68' title='bbox 727 1103 824 1169; x_wconf 90' lang='lat' dir='ltr'>quam</span> <span class='ocrx_word' id='word_1_69' title='bbox 833 1093 911 1153; x_wconf 90' lang='lat' dir='ltr'>tueri</span> <span class='ocrx_word' id='word_1_70' title='bbox 930 1111 993 1154; x_wconf 93' lang='lat' dir='ltr'>non</span> <span class='ocrx_word' id='word_1_71' title='bbox 1009 1100 1060 1169; x_wconf 83' lang='lat' dir='ltr'>pot</span> 
     </span>
     <span class='ocr_line' id='line_1_11' title="bbox 159 1178 299 1251; baseline -0.029 -13"><span class='ocrx_word' id='word_1_72' title='bbox 159 1178 299 1251; x_wconf 82' lang='lat' dir='ltr'>dignitas.</span> 
     </span>
    </p>

    <p class='ocr_par' dir='ltr' id='par_1_4' title="bbox 134 1259 1060 2002">
     <span class='ocr_line' id='line_1_12' title="bbox 134 1259 1060 1336; baseline -0.001 -16"><span class='ocrx_word' id='word_1_73' title='bbox 134 1263 144 1313; x_wconf 88' lang='grc'>1</span> <span class='ocrx_word' id='word_1_74' title='bbox 208 1291 212 1295; x_wconf 94' lang='grc'><strong>-</strong></span> <span class='ocrx_word' id='word_1_75' title='bbox 240 1261 367 1320; x_wconf 89' lang='lat' dir='ltr'>LXXXI.</span> <span class='ocrx_word' id='word_1_76' title='bbox 391 1259 496 1320; x_wconf 90' lang='lat' dir='ltr'>Subita</span> <span class='ocrx_word' id='word_1_77' title='bbox 509 1261 620 1320; x_wconf 91' lang='lat' dir='ltr'>deinde</span> <span class='ocrx_word' id='word_1_78' title='bbox 630 1263 782 1321; x_wconf 85' lang='lat' dir='ltr'>exercitus</span> <span class='ocrx_word' id='word_1_79' title='bbox 794 1260 919 1332; x_wconf 87' lang='lat' dir='ltr'>seditio,</span> <span class='ocrx_word' id='word_1_80' title='bbox 938 1262 991 1336; x_wconf 92' lang='lat' dir='ltr'>qui</span> <span class='ocrx_word' id='word_1_81' title='bbox 1006 1261 1060 1336; x_wconf 79' lang='lat' dir='ltr'>plot</span> 
     </span>
     <span class='ocr_line' id='line_1_13' title="bbox 159 1342 1060 1421; baseline 0 -16"><span class='ocrx_word' id='word_1_82' title='bbox 159 1362 219 1421; x_wconf 86' lang='lat' dir='ltr'>quc</span> <span class='ocrx_word' id='word_1_83' title='bbox 235 1346 457 1419; x_wconf 84' lang='lat' dir='ltr'>contemplatus</span> <span class='ocrx_word' id='word_1_84' title='bbox 470 1345 669 1418; x_wconf 76' lang='lat' dir='ltr'>frequentiam</span> <span class='ocrx_word' id='word_1_85' title='bbox 686 1361 772 1405; x_wconf 89' lang='lat' dir='ltr'>suam</span> <span class='ocrx_word' id='word_1_86' title='bbox 785 1361 803 1404; x_wconf 90' lang='lat' dir='ltr'>a</span> <span class='ocrx_word' id='word_1_87' title='bbox 817 1344 984 1420; x_wconf 89' lang='lat' dir='ltr'>disciplina</span> <span class='ocrx_word' id='word_1_88' title='bbox 996 1342 1060 1405; x_wconf 78' lang='lat' dir='ltr'>dard</span> 
     </span>
     <span class='ocr_line' id='line_1_14' title="bbox 159 1428 1060 1504; baseline 0 -16"><span class='ocrx_word' id='word_1_89' title='bbox 159 1430 441 1504; x_wconf 89' lang='lat' dir='ltr'>etquodcogcrese</span> <span class='ocrx_word' id='word_1_90' title='bbox 456 1435 541 1502; x_wconf 90' lang='lat' dir='ltr'>putat</span> <span class='ocrx_word' id='word_1_91' title='bbox 549 1444 659 1502; x_wconf 90' lang='lat' dir='ltr'>posse,</span> <span class='ocrx_word' id='word_1_92' title='bbox 672 1443 783 1502; x_wconf 89' lang='lat' dir='ltr'>rogare</span> <span class='ocrx_word' id='word_1_93' title='bbox 794 1445 855 1488; x_wconf 93' lang='lat' dir='ltr'>non</span> <span class='ocrx_word' id='word_1_94' title='bbox 869 1428 1060 1502; x_wconf 61' lang='lat' dir='ltr'>sustinebpi</span> 
     </span>
     <span class='ocr_line' id='line_1_15' title="bbox 160 1511 1060 1586; baseline 0 -14"><span class='ocrx_word' id='word_1_95' title='bbox 160 1515 322 1573; x_wconf 90' lang='lat' dir='ltr'>severitate</span> <span class='ocrx_word' id='word_1_96' title='bbox 344 1511 451 1586; x_wconf 89' lang='lat' dir='ltr'>partim</span> <span class='ocrx_word' id='word_1_97' title='bbox 472 1512 650 1572; x_wconf 90' lang='lat' dir='ltr'>liberalitate</span> <span class='ocrx_word' id='word_1_98' title='bbox 671 1512 813 1572; x_wconf 89' lang='lat' dir='ltr'>discussa</span> <span class='ocrx_word' id='word_1_99' title='bbox 829 1513 996 1586; x_wconf 85' lang='lat' dir='ltr'>principis,</span> <span class='ocrx_word' id='word_1_100' title='bbox 1016 1525 1060 1585; x_wconf 75' lang='lat' dir='ltr'>spe</span> 
     </span>
     <span class='ocr_line' id='line_1_16' title="bbox 161 1596 1060 1670; baseline -0.001 -16"><span class='ocrx_word' id='word_1_101' title='bbox 161 1611 291 1667; x_wconf 91' lang='lat' dir='ltr'>sumque</span> <span class='ocrx_word' id='word_1_102' title='bbox 303 1596 399 1668; x_wconf 88' lang='lat' dir='ltr'>perid</span> <span class='ocrx_word' id='word_1_103' title='bbox 410 1602 532 1668; x_wconf 85' lang='lat' dir='ltr'>tempus</span> <span class='ocrx_word' id='word_1_104' title='bbox 545 1596 697 1655; x_wconf 90' lang='lat' dir='ltr'>adiectum</span> <span class='ocrx_word' id='word_1_105' title='bbox 709 1596 960 1669; x_wconf 89' lang='lat' dir='ltr'>supplementum</span> <span class='ocrx_word' id='word_1_106' title='bbox 969 1596 1060 1670; x_wconf 77' lang='lat' dir='ltr'>Compi</span> 
     </span>
     <span class='ocr_line' id='line_1_17' title="bbox 161 1678 1060 1753; baseline 0.006 -19"><span class='ocrx_word' id='word_1_107' title='bbox 161 1678 314 1744; x_wconf 88' lang='lat' dir='ltr'>coloniae;</span> <span class='ocrx_word' id='word_1_108' title='bbox 330 1681 553 1746; x_wconf 79' lang='lat' dir='ltr'>[concesst‘enim</span> <span class='ocrx_word' id='word_1_109' title='bbox 563 1682 709 1739; x_wconf 70' lang='lat' dir='ltr'>celmanis</span> <span class='ocrx_word' id='word_1_110' title='bbox 718 1683 789 1752; x_wconf 75' lang='lat' dir='ltr'>apri</span> <span class='ocrx_word' id='word_1_111' title='bbox 795 1725 802 1752; x_wconf 93' lang='lat'>,</span> <span class='ocrx_word' id='word_1_112' title='bbox 813 1682 866 1753; x_wconf 82' lang='lat' dir='ltr'>qtn&#39;</span> <span class='ocrx_word' id='word_1_113' title='bbox 873 1681 990 1740; x_wconf 76' lang='lat' dir='ltr'>civibus</span> <span class='ocrx_word' id='word_1_114' title='bbox 999 1682 1060 1741; x_wconf 74' lang='lat' dir='ltr'>coion</span> 
     </span>
     <span class='ocr_line' id='line_1_18' title="bbox 161 1757 1060 1836; baseline 0.008 -20"><span class='ocrx_word' id='word_1_115' title='bbox 161 1759 228 1818; x_wconf 90' lang='lat' dir='ltr'>eius</span> <span class='ocrx_word' id='word_1_116' title='bbox 250 1757 347 1816; x_wconf 89' lang='lat' dir='ltr'>relicti</span> <span class='ocrx_word' id='word_1_117' title='bbox 362 1766 447 1816; x_wconf 87' lang='lat' dir='ltr'>erant</span> <span class='ocrx_word' id='word_1_118' title='bbox 462 1760 591 1831; x_wconf 89' lang='lat' dir='ltr'>publici;</span> <span class='ocrx_word' id='word_1_119' title='bbox 607 1778 664 1834; x_wconf 91' lang='lat' dir='ltr'>pro</span> <span class='ocrx_word' id='word_1_120' title='bbox 680 1762 727 1821; x_wconf 92' lang='lat' dir='ltr'>his</span> <span class='ocrx_word' id='word_1_121' title='bbox 743 1762 834 1836; x_wconf 90' lang='lat' dir='ltr'>longe</span> <span class='ocrx_word' id='word_1_122' title='bbox 845 1763 1010 1824; x_wconf 87' lang='lat' dir='ltr'>uberiores</span> <span class='ocrx_word' id='word_1_123' title='bbox 1022 1760 1060 1823; x_wconf 86' lang='lat' dir='ltr'>rel</span> 
     </span>
     <span class='ocr_line' id='line_1_19' title="bbox 162 1842 1060 1924; baseline 0.004 -23"><span class='ocrx_word' id='word_1_124' title='bbox 162 1842 329 1902; x_wconf 86' lang='lat' dir='ltr'>duodecies</span> <span class='ocrx_word' id='word_1_125' title='bbox 345 1843 519 1902; x_wconf 88' lang='lat' dir='ltr'>sestertium</span> <span class='ocrx_word' id='word_1_126' title='bbox 534 1844 564 1902; x_wconf 94' lang='lat' dir='ltr'>in</span> <span class='ocrx_word' id='word_1_127' title='bbox 581 1844 668 1904; x_wconf 88' lang='lat' dir='ltr'>Creta</span> <span class='ocrx_word' id='word_1_128' title='bbox 688 1845 787 1905; x_wconf 85' lang='lat' dir='ltr'>insula</span> <span class='ocrx_word' id='word_1_129' title='bbox 802 1846 914 1905; x_wconf 91' lang='lat' dir='ltr'>redditi</span> <span class='ocrx_word' id='word_1_130' title='bbox 929 1853 963 1906; x_wconf 89' lang='lat' dir='ltr'>et</span> <span class='ocrx_word' id='word_1_131' title='bbox 978 1861 1060 1924; x_wconf 69' lang='lat' dir='ltr'>aqua!</span> 
     </span>
     <span class='ocr_line' id='line_1_20' title="bbox 162 1926 1060 2002; baseline 0.011 -19"><span class='ocrx_word' id='word_1_132' title='bbox 162 1927 269 1997; x_wconf 90' lang='lat' dir='ltr'>missa,</span> <span class='ocrx_word' id='word_1_133' title='bbox 287 1942 366 2000; x_wconf 91' lang='lat' dir='ltr'>quae</span> <span class='ocrx_word' id='word_1_134' title='bbox 377 1926 532 2000; x_wconf 89' lang='lat' dir='ltr'>hodieque</span> <span class='ocrx_word' id='word_1_135' title='bbox 548 1927 702 2002; x_wconf 85' lang='lat' dir='ltr'>singulare</span> <span class='ocrx_word' id='word_1_136' title='bbox 717 1934 747 1987; x_wconf 90' lang='lat' dir='ltr'>et</span> <span class='ocrx_word' id='word_1_137' title='bbox 762 1930 952 1990; x_wconf 88' lang='lat' dir='ltr'>salubritatis</span> <span class='ocrx_word' id='word_1_138' title='bbox 968 1935 1060 1992; x_wconf 71' lang='lat' dir='ltr'>instra</span> 
     </span>
    </p>

    <p class='ocr_par' dir='ltr' id='par_1_5' title="bbox 134 2010 1060 2169">
     <span class='ocr_line' id='line_1_21' title="bbox 134 2010 1060 2085; baseline 0.003 -15"><span class='ocrx_word' id='word_1_139' title='bbox 134 2010 221 2071; x_wconf 65' lang='lat' dir='ltr'>itum</span> <span class='ocrx_word' id='word_1_140' title='bbox 230 2010 456 2070; x_wconf 88' lang='lat' dir='ltr'>etamoenitatis</span> <span class='ocrx_word' id='word_1_141' title='bbox 465 2020 675 2073; x_wconf 88' lang='lat' dir='ltr'>ornamentum</span> <span class='ocrx_word' id='word_1_142' title='bbox 685 2021 741 2073; x_wconf 90' lang='lat' dir='ltr'>est.</span> <span class='ocrx_word' id='word_1_143' title='bbox 757 2013 880 2085; x_wconf 89' lang='lat' dir='ltr'>Insigne</span> <span class='ocrx_word' id='word_1_144' title='bbox 893 2016 1060 2076; x_wconf 87' lang='lat' dir='ltr'>coronaecl</span> 
     </span>
     <span class='ocr_line' id='line_1_22' title="bbox 163 2096 1051 2169; baseline 0.007 -16"><span class='ocrx_word' id='word_1_145' title='bbox 163 2111 232 2167; x_wconf 86' lang='lat' dir='ltr'>cae,</span> <span class='ocrx_word' id='word_1_146' title='bbox 255 2111 315 2169; x_wconf 91' lang='lat' dir='ltr'>quo</span> <span class='ocrx_word' id='word_1_147' title='bbox 336 2110 426 2154; x_wconf 92' lang='lat' dir='ltr'>nemo</span> <span class='ocrx_word' id='word_1_148' title='bbox 447 2111 582 2168; x_wconf 91' lang='lat' dir='ltr'>unquam</span> <span class='ocrx_word' id='word_1_149' title='bbox 603 2096 809 2157; x_wconf 89' lang='lat' dir='ltr'>Romanorum</span> <span class='ocrx_word' id='word_1_150' title='bbox 826 2097 964 2158; x_wconf 88' lang='lat' dir='ltr'>donatus</span> <span class='ocrx_word' id='word_1_151' title='bbox 989 2106 1051 2169; x_wconf 74' lang='lat' dir='ltr'>erut,</span> 
     </span>
    </p>

    <p class='ocr_par' dir='ltr' id='par_1_6' title="bbox 133 2177 1060 2666">
     <span class='ocr_line' id='line_1_23' title="bbox 133 2177 1060 2251; baseline 0.005 -16"><span class='ocrx_word' id='word_1_152' title='bbox 133 2178 241 2237; x_wconf 84' lang='lat' dir='ltr'>3bello</span> <span class='ocrx_word' id='word_1_153' title='bbox 270 2178 410 2250; x_wconf 80' lang='lat' dir='ltr'>Agrippa</span> <span class='ocrx_word' id='word_1_154' title='bbox 438 2177 584 2251; x_wconf 82' lang='lat' dir='ltr'>singulari</span> <span class='ocrx_word' id='word_1_155' title='bbox 606 2179 716 2238; x_wconf 88' lang='lat' dir='ltr'>virtute</span> <span class='ocrx_word' id='word_1_156' title='bbox 740 2180 856 2239; x_wconf 90' lang='lat' dir='ltr'>meruit.</span> <span class='ocrx_word' id='word_1_157' title='bbox 893 2182 1011 2243; x_wconf 88' lang='lat' dir='ltr'>Victor</span> <span class='ocrx_word' id='word_1_158' title='bbox 1035 2180 1060 2243; x_wconf 79' lang='lat' dir='ltr'>dt</span> 
     </span>
     <span class='ocr_line' id='line_1_24' title="bbox 164 2259 1060 2337; baseline 0.008 -18"><span class='ocrx_word' id='word_1_159' title='bbox 164 2261 276 2319; x_wconf 86' lang='lat' dir='ltr'>Caesar</span> <span class='ocrx_word' id='word_1_160' title='bbox 296 2273 440 2316; x_wconf 90' lang='lat' dir='ltr'>reversus</span> <span class='ocrx_word' id='word_1_161' title='bbox 461 2259 491 2316; x_wconf 93' lang='lat' dir='ltr'>in</span> <span class='ocrx_word' id='word_1_162' title='bbox 513 2262 619 2319; x_wconf 91' lang='lat' dir='ltr'>urbem</span> <span class='ocrx_word' id='word_1_163' title='bbox 638 2270 809 2321; x_wconf 88' lang='lat' dir='ltr'>contractas</span> <span class='ocrx_word' id='word_1_164' title='bbox 831 2265 1060 2337; x_wconf 60' lang='lat' dir='ltr'>emptionibus</span> 
     </span>
     <span class='ocr_line' id='line_1_25' title="bbox 163 2341 1060 2425; baseline 0.012 -26"><span class='ocrx_word' id='word_1_165' title='bbox 163 2341 260 2416; x_wconf 88' lang='lat' dir='ltr'>pluris</span> <span class='ocrx_word' id='word_1_166' title='bbox 282 2341 391 2399; x_wconf 91' lang='lat' dir='ltr'>domos</span> <span class='ocrx_word' id='word_1_167' title='bbox 414 2355 469 2414; x_wconf 94' lang='lat' dir='ltr'>per</span> <span class='ocrx_word' id='word_1_168' title='bbox 483 2351 714 2418; x_wconf 87' lang='lat' dir='ltr'>procuratores,</span> <span class='ocrx_word' id='word_1_169' title='bbox 736 2361 797 2419; x_wconf 93' lang='lat' dir='ltr'>quo</span> <span class='ocrx_word' id='word_1_170' title='bbox 815 2346 917 2407; x_wconf 86' lang='lat' dir='ltr'>laxior</span> <span class='ocrx_word' id='word_1_171' title='bbox 931 2349 1060 2425; x_wconf 87' lang='lat' dir='ltr'>fieretip</span> 
     </span>
     <span class='ocr_line' id='line_1_26' title="bbox 164 2424 1060 2511; baseline 0.013 -28"><span class='ocrx_word' id='word_1_172' title='bbox 164 2424 295 2499; x_wconf 87' lang='lat' dir='ltr'>publicis</span> <span class='ocrx_word' id='word_1_173' title='bbox 318 2439 352 2483; x_wconf 93' lang='lat' dir='ltr'>se</span> <span class='ocrx_word' id='word_1_174' title='bbox 372 2424 479 2484; x_wconf 91' lang='lat' dir='ltr'>usibus</span> <span class='ocrx_word' id='word_1_175' title='bbox 501 2426 654 2487; x_wconf 87' lang='lat' dir='ltr'>destinare</span> <span class='ocrx_word' id='word_1_176' title='bbox 677 2429 839 2502; x_wconf 81' lang='lat' dir='ltr'>protessus</span> <span class='ocrx_word' id='word_1_177' title='bbox 861 2438 909 2490; x_wconf 90' lang='lat' dir='ltr'>est</span> <span class='ocrx_word' id='word_1_178' title='bbox 935 2439 1060 2511; x_wconf 88' lang='lat' dir='ltr'>templu</span> 
     </span>
     <span class='ocr_line' id='line_1_27' title="bbox 163 2506 1060 2594; baseline 0.014 -27"><span class='ocrx_word' id='word_1_179' title='bbox 163 2506 315 2583; x_wconf 85' lang='lat' dir='ltr'>Apollinis</span> <span class='ocrx_word' id='word_1_180' title='bbox 330 2515 360 2568; x_wconf 90' lang='lat' dir='ltr'>et</span> <span class='ocrx_word' id='word_1_181' title='bbox 374 2509 455 2568; x_wconf 90' lang='lat' dir='ltr'>circa</span> <span class='ocrx_word' id='word_1_182' title='bbox 469 2511 604 2584; x_wconf 91' lang='lat' dir='ltr'>porticus</span> <span class='ocrx_word' id='word_1_183' title='bbox 617 2513 765 2571; x_wconf 87' lang='lat' dir='ltr'>facturum</span> <span class='ocrx_word' id='word_1_184' title='bbox 781 2515 936 2590; x_wconf 87' lang='lat' dir='ltr'>promisit,</span> <span class='ocrx_word' id='word_1_185' title='bbox 954 2521 1060 2594; x_wconf 85' lang='lat' dir='ltr'>quodt</span> 
     </span>
     <span class='ocr_line' id='line_1_28' title="bbox 165 2592 782 2666; baseline 0.002 -14"><span class='ocrx_word' id='word_1_186' title='bbox 165 2592 309 2666; x_wconf 84' lang='lat' dir='ltr'>singulari</span> <span class='ocrx_word' id='word_1_187' title='bbox 324 2600 493 2652; x_wconf 86' lang='lat' dir='ltr'>extructum</span> <span class='ocrx_word' id='word_1_188' title='bbox 508 2595 712 2654; x_wconf 88' lang='lat' dir='ltr'>munificentia</span> <span class='ocrx_word' id='word_1_189' title='bbox 726 2603 782 2655; x_wconf 90' lang='lat' dir='ltr'>est.</span> 
     </span>
    </p>

    <p class='ocr_par' dir='ltr' id='par_1_7' title="bbox 136 2675 1060 2841">
     <span class='ocr_line' id='line_1_29' title="bbox 136 2675 1060 2763; baseline 0.013 -27"><span class='ocrx_word' id='word_1_190' title='bbox 136 2685 151 2736; x_wconf 94' lang='lat'>1</span> <span class='ocrx_word' id='word_1_191' title='bbox 246 2675 388 2735; x_wconf 90' lang='lat' dir='ltr'>LXXXll.</span> <span class='ocrx_word' id='word_1_192' title='bbox 432 2676 495 2748; x_wconf 82' lang='lat' dir='ltr'>Qua</span> <span class='ocrx_word' id='word_1_193' title='bbox 510 2685 626 2736; x_wconf 88' lang='lat' dir='ltr'>aestate</span> <span class='ocrx_word' id='word_1_194' title='bbox 641 2677 828 2739; x_wconf 80' lang='lat' dir='ltr'>Caesariani</span> <span class='ocrx_word' id='word_1_195' title='bbox 844 2698 1006 2758; x_wconf 88' lang='lat' dir='ltr'>prospere</span> <span class='ocrx_word' id='word_1_196' title='bbox 1024 2704 1060 2763; x_wconf 78' lang='lat' dir='ltr'>sq</span> 
     </span>
     <span class='ocr_line' id='line_1_30' title="bbox 164 2756 1049 2841; baseline 0.018 -25"><span class='ocrx_word' id='word_1_197' title='bbox 164 2759 195 2816; x_wconf 93' lang='lat' dir='ltr'>in</span> <span class='ocrx_word' id='word_1_198' title='bbox 212 2756 314 2816; x_wconf 88' lang='lat' dir='ltr'>Sicilia</span> <span class='ocrx_word' id='word_1_199' title='bbox 335 2759 454 2832; x_wconf 82' lang='lat' dir='ltr'>bellum,</span> <span class='ocrx_word' id='word_1_200' title='bbox 477 2759 611 2819; x_wconf 89' lang='lat' dir='ltr'>Fortuna</span> <span class='ocrx_word' id='word_1_201' title='bbox 631 2761 660 2820; x_wconf 96' lang='lat' dir='ltr'>in</span> <span class='ocrx_word' id='word_1_202' title='bbox 678 2762 808 2823; x_wconf 88' lang='lat' dir='ltr'>Caesare</span> <span class='ocrx_word' id='word_1_203' title='bbox 830 2772 859 2824; x_wconf 90' lang='lat' dir='ltr'>ct</span> <span class='ocrx_word' id='word_1_204' title='bbox 879 2770 1049 2841; x_wconf 89' lang='lat' dir='ltr'>republica</span> 
     </span>
    </p>

    <p class='ocr_par' dir='ltr' id='par_1_8' title="bbox 136 2839 1060 3587">
     <span class='ocr_line' id='line_1_31' title="bbox 136 2839 1060 2918; baseline 0.017 -22"><span class='ocrx_word' id='word_1_205' title='bbox 136 2846 153 2896; x_wconf 79' lang='lat'><strong>2</strong></span> <span class='ocrx_word' id='word_1_206' title='bbox 165 2843 269 2900; x_wconf 80' lang='lat' dir='ltr'>saeviit</span> <span class='ocrx_word' id='word_1_207' title='bbox 281 2840 320 2898; x_wconf 88' lang='lat' dir='ltr'>ad</span> <span class='ocrx_word' id='word_1_208' title='bbox 329 2839 496 2901; x_wconf 80' lang='lat' dir='ltr'>Orientem:</span> <span class='ocrx_word' id='word_1_209' title='bbox 513 2844 627 2918; x_wconf 90' lang='lat' dir='ltr'>quippe</span> <span class='ocrx_word' id='word_1_210' title='bbox 637 2847 788 2907; x_wconf 87' lang='lat' dir='ltr'>Antonius</span> <span class='ocrx_word' id='word_1_211' title='bbox 805 2864 873 2908; x_wconf 91' lang='lat' dir='ltr'>cum</span> <span class='ocrx_word' id='word_1_212' title='bbox 888 2854 1044 2914; x_wconf 90' lang='lat' dir='ltr'>tredecim</span> <span class='ocrx_word' id='word_1_213' title='bbox 1057 2856 1060 2912; x_wconf 73' lang='lat' dir='ltr'>l</span> 
     </span>
     <span class='ocr_line' id='line_1_32' title="bbox 166 2924 1060 3014; baseline 0.016 -31"><span class='ocrx_word' id='word_1_214' title='bbox 166 2925 256 2984; x_wconf 89' lang='lat' dir='ltr'>nibus</span> <span class='ocrx_word' id='word_1_215' title='bbox 271 2924 430 2997; x_wconf 89' lang='lat' dir='ltr'>ingressus</span> <span class='ocrx_word' id='word_1_216' title='bbox 445 2926 620 2985; x_wconf 83' lang='lat' dir='ltr'>Armeniam</span> <span class='ocrx_word' id='word_1_217' title='bbox 642 2945 677 2987; x_wconf 91' lang='lat' dir='ltr'>ac</span> <span class='ocrx_word' id='word_1_218' title='bbox 694 2929 805 2990; x_wconf 89' lang='lat' dir='ltr'>deinde</span> <span class='ocrx_word' id='word_1_219' title='bbox 818 2933 953 2994; x_wconf 87' lang='lat' dir='ltr'>Mediam</span> <span class='ocrx_word' id='word_1_220' title='bbox 977 2947 1012 2999; x_wconf 85' lang='lat' dir='ltr'>et</span> <span class='ocrx_word' id='word_1_221' title='bbox 1029 2955 1060 3014; x_wconf 78' lang='lat' dir='ltr'>pe</span> 
     </span>
     <span class='ocr_line' id='line_1_33' title="bbox 164 3007 1060 3088; baseline 0.016 -20"><span class='ocrx_word' id='word_1_222' title='bbox 164 3010 307 3084; x_wconf 87' lang='lat' dir='ltr'>regiones</span> <span class='ocrx_word' id='word_1_223' title='bbox 323 3007 449 3069; x_wconf 87' lang='lat' dir='ltr'>Parthos</span> <span class='ocrx_word' id='word_1_224' title='bbox 465 3017 572 3084; x_wconf 88' lang='lat' dir='ltr'>petens</span> <span class='ocrx_word' id='word_1_225' title='bbox 588 3011 693 3073; x_wconf 90' lang='lat' dir='ltr'>habuit</span> <span class='ocrx_word' id='word_1_226' title='bbox 706 3029 809 3088; x_wconf 89' lang='lat' dir='ltr'>regem</span> <span class='ocrx_word' id='word_1_227' title='bbox 825 3033 930 3077; x_wconf 89' lang='lat' dir='ltr'>eorum</span> <span class='ocrx_word' id='word_1_228' title='bbox 946 3021 1060 3082; x_wconf 86' lang='lat' dir='ltr'>obviur</span> 
     </span>
     <span class='ocr_line' id='line_1_34' title="bbox 165 3093 1060 3174; baseline 0.015 -22"><span class='ocrx_word' id='word_1_229' title='bbox 165 3109 278 3167; x_wconf 89' lang='lat' dir='ltr'>moque</span> <span class='ocrx_word' id='word_1_230' title='bbox 294 3093 371 3152; x_wconf 90' lang='lat' dir='ltr'>duas</span> <span class='ocrx_word' id='word_1_231' title='bbox 387 3093 523 3169; x_wconf 92' lang='lat' dir='ltr'>legiones</span> <span class='ocrx_word' id='word_1_232' title='bbox 538 3111 604 3156; x_wconf 92' lang='lat' dir='ltr'>cum</span> <span class='ocrx_word' id='word_1_233' title='bbox 619 3098 759 3158; x_wconf 91' lang='lat' dir='ltr'>omnibus</span> <span class='ocrx_word' id='word_1_234' title='bbox 771 3100 1002 3174; x_wconf 87' lang='lat' dir='ltr'>impedimentis</span> <span class='ocrx_word' id='word_1_235' title='bbox 1019 3113 1060 3167; x_wconf 81' lang='lat' dir='ltr'>tor</span> 
     </span>
     <span class='ocr_line' id='line_1_35' title="bbox 166 3176 1060 3263; baseline 0.02 -31"><span class='ocrx_word' id='word_1_236' title='bbox 166 3176 267 3248; x_wconf 84' lang='lat' dir='ltr'>lisque</span> <span class='ocrx_word' id='word_1_237' title='bbox 289 3185 318 3236; x_wconf 86' lang='lat' dir='ltr'>et</span> <span class='ocrx_word' id='word_1_238' title='bbox 333 3176 469 3237; x_wconf 87' lang='lat' dir='ltr'>Statiano</span> <span class='ocrx_word' id='word_1_239' title='bbox 490 3179 589 3254; x_wconf 88' lang='lat' dir='ltr'>legato</span> <span class='ocrx_word' id='word_1_240' title='bbox 611 3181 725 3251; x_wconf 82' lang='lat' dir='ltr'>amisit3</span> <span class='ocrx_word' id='word_1_241' title='bbox 747 3198 820 3242; x_wconf 88' lang='lat' dir='ltr'>mox</span> <span class='ocrx_word' id='word_1_242' title='bbox 835 3185 964 3260; x_wconf 61' lang='lat' dir='ltr'>seems</span> <span class='ocrx_word' id='word_1_243' title='bbox 987 3190 1060 3263; x_wconf 88' lang='lat' dir='ltr'>ipse</span> 
     </span>
     <span class='ocr_line' id='line_1_36' title="bbox 168 3260 1055 3344; baseline 0.02 -28"><span class='ocrx_word' id='word_1_244' title='bbox 168 3274 285 3317; x_wconf 92' lang='lat' dir='ltr'>summo</span> <span class='ocrx_word' id='word_1_245' title='bbox 307 3260 399 3318; x_wconf 84' lang='lat' dir='ltr'>totius</span> <span class='ocrx_word' id='word_1_246' title='bbox 416 3263 567 3322; x_wconf 89' lang='lat' dir='ltr'>exercitus</span> <span class='ocrx_word' id='word_1_247' title='bbox 583 3263 756 3324; x_wconf 89' lang='lat' dir='ltr'>discrimine</span> <span class='ocrx_word' id='word_1_248' title='bbox 772 3282 809 3324; x_wconf 92' lang='lat' dir='ltr'>ea</span> <span class='ocrx_word' id='word_1_249' title='bbox 824 3267 897 3328; x_wconf 89' lang='lat' dir='ltr'>adiit</span> <span class='ocrx_word' id='word_1_250' title='bbox 912 3273 1055 3344; x_wconf 88' lang='lat' dir='ltr'>pericula</span> 
     </span>
     <span class='ocr_line' id='line_1_37' title="bbox 167 3341 1060 3428; baseline 0.022 -32"><span class='ocrx_word' id='word_1_251' title='bbox 167 3341 226 3398; x_wconf 92' lang='lat' dir='ltr'>bus</span> <span class='ocrx_word' id='word_1_252' title='bbox 243 3342 358 3399; x_wconf 89' lang='lat' dir='ltr'>servari</span> <span class='ocrx_word' id='word_1_253' title='bbox 371 3357 405 3400; x_wconf 90' lang='lat' dir='ltr'>se</span> <span class='ocrx_word' id='word_1_254' title='bbox 419 3357 514 3415; x_wconf 90' lang='lat' dir='ltr'>posse</span> <span class='ocrx_word' id='word_1_255' title='bbox 526 3346 758 3422; x_wconf 84' lang='lat' dir='ltr'>desperaverat,</span> <span class='ocrx_word' id='word_1_256' title='bbox 774 3352 953 3428; x_wconf 88' lang='lat' dir='ltr'>amissaque</span> <span class='ocrx_word' id='word_1_257' title='bbox 970 3373 1035 3417; x_wconf 94' lang='lat' dir='ltr'>non</span> <span class='ocrx_word' id='word_1_258' title='bbox 1051 3377 1060 3416; x_wconf 92' lang='lat' dir='ltr'>r</span> 
     </span>
     <span class='ocr_line' id='line_1_38' title="bbox 169 3425 1060 3517; baseline 0.024 -35"><span class='ocrx_word' id='word_1_259' title='bbox 169 3429 277 3498; x_wconf 88' lang='lat' dir='ltr'>quarta</span> <span class='ocrx_word' id='word_1_260' title='bbox 291 3432 376 3498; x_wconf 88' lang='lat' dir='ltr'>parte</span> <span class='ocrx_word' id='word_1_261' title='bbox 388 3425 511 3485; x_wconf 88' lang='lat' dir='ltr'>militum</span> <span class='ocrx_word' id='word_1_262' title='bbox 528 3432 638 3504; x_wconf 86' lang='lat' dir='ltr'>captivi</span> <span class='ocrx_word' id='word_1_263' title='bbox 654 3433 825 3510; x_wconf 89' lang='lat' dir='ltr'>cuiusdam,</span> <span class='ocrx_word' id='word_1_264' title='bbox 842 3437 899 3497; x_wconf 88' lang='lat' dir='ltr'>sed</span> <span class='ocrx_word' id='word_1_265' title='bbox 913 3439 1060 3517; x_wconf 83' lang='lat' dir='ltr'>Romani¹</span> 
     </span>
     <span class='ocr_line' id='line_1_39' title="bbox 168 3507 1060 3587; baseline 0.025 -21"><span class='ocrx_word' id='word_1_266' title='bbox 168 3507 237 3567; x_wconf 89' lang='lat' dir='ltr'>silio</span> <span class='ocrx_word' id='word_1_267' title='bbox 250 3508 358 3568; x_wconf 87' lang='lat' dir='ltr'>aclide</span> <span class='ocrx_word' id='word_1_268' title='bbox 369 3518 525 3586; x_wconf 75' lang='lat' dir='ltr'>servetuS,</span> <span class='ocrx_word' id='word_1_269' title='bbox 538 3514 590 3586; x_wconf 93' lang='lat' dir='ltr'>qui</span> <span class='ocrx_word' id='word_1_270' title='bbox 602 3516 688 3575; x_wconf 85' lang='lat' dir='ltr'>clade</span> <span class='ocrx_word' id='word_1_271' title='bbox 696 3517 849 3579; x_wconf 85' lang='lat' dir='ltr'>Crassiani</span> <span class='ocrx_word' id='word_1_272' title='bbox 859 3525 1017 3587; x_wconf 87' lang='lat' dir='ltr'>exercitus</span> <span class='ocrx_word' id='word_1_273' title='bbox 1030 3542 1060 3587; x_wconf 83' lang='lat' dir='ltr'>ca</span> 
     </span>
    </p>
   </div>
   <div class='ocr_carea' id='block_1_3' title="bbox 0 0 1179 4222">
    <p class='ocr_par' dir='ltr' id='par_1_9' title="bbox 0 0 1179 4222">
     <span class='ocr_line' id='line_1_40' title="bbox 0 0 1179 4222; baseline 0 0"><span class='ocrx_word' id='word_1_274' title='bbox 0 0 1179 4222; x_wconf 95' lang='lat' dir='ltr'> </span> 
     </span>
    </p>
   </div>
  </div>
 </body>
</html>
