2348 4222
201 297 243 362 74
471 298 511 356 Μ.
533 296 674 354 VELLEI
696 294 912 354 PATERCULI

169 463 184 514 1
282 449 383 508 XCIX.
416 448 507 506 Brevi
523 446 679 505 interiecto
702 447 801 519 spatio
816 446 859 504 Ti.
875 446 954 504 Nero
972 445 1068 506 duobt

200 531 350 594 sulatibns
364 531 553 604 totidemque
566 529 728 604 triumphis
741 530 817 588 aclis
829 528 1012 589 tribuniciae
1024 546 1066 604 po

200 617 397 677 consortione
412 622 561 688 aequatus
573 615 724 687 Augusto,
741 612 851 672 civium
865 620 937 686 post
952 629 1060 687 unum,

200 701 273 776 quia
287 700 417 771 volcbal,
434 697 704 769 eminentissimus
720 697 832 755 ducum
846 697 1010 768 maximus,
1031 698 1068 756 lar

198 792 334 860 lunaque
353 782 568 843 celeberrimus
591 787 621 840 ct
641 796 713 840 vere
734 777 863 840 alterum'
878 780 1068 854 reipublicae

198 875 229 928 et
249 873 354 942 caput,
381 867 457 925 mira
478 866 611 938 quadam
634 872 664 925 et
682 864 852 924 incredibili
873 870 967 938 atque
991 865 1068 923 inem

197 952 326 1027 pietate,
349 950 436 1009 cuius
452 964 565 1008 causae
585 965 658 1009 mox
674 948 811 1008 detectae
828 955 911 1019 sunl,
937 963 1010 1006 cum
1027 948 1059 1007 C.

199 1035 384 1108 sumpsisset
398 1033 458 1091 iam
472 1032 589 1091 virilem
604 1040 715 1107 togam,
732 1033 844 1091 Lucius
859 1033 930 1090 item
946 1039 1068 1092 maturo

197 1118 323 1188 viribus,
340 1131 378 1174 ne
393 1117 493 1190 fulgor
509 1132 584 1175 suus
598 1117 756 1176 orientium
771 1116 915 1174 iuvenum
928 1114 1068 1176 obstaret

199 1201 391 1261 dissimulata
406 1214 501 1259 causa
516 1201 624 1260 consili
640 1201 688 1260 sui
704 1207 904 1259 commeatum
916 1199 955 1257 ab
969 1216 1068 1259 socen

198 1286 308 1345 eodem
328 1284 436 1344 vitrico
458 1284 679 1358 adquiescendi
694 1300 713 1342 a
727 1283 955 1343 continuatione
979 1283 1068 1344 labor

165 1380 182 1433 2
197 1368 250 1430 tiit.
274 1369 347 1442 Quis
363 1369 453 1428 fuerit
468 1384 508 1428 eo
520 1375 659 1442 tempore
675 1367 805 1427 civitatis
819 1367 957 1437 habitus,
983 1370 1068 1441 quis

196 1470 264 1513 rum
285 1451 393 1526 animi,
415 1467 495 1527 quae
517 1451 748 1526 digredientium
769 1468 787 1509 a
807 1457 890 1510 tanto
907 1451 975 1530 viro
995 1468 1067 1511 omn

197 1539 323 1610 crimae,
340 1553 432 1612 quam
447 1552 546 1610 paene
560 1536 588 1594 ei
603 1536 700 1610 patria
715 1551 837 1595 manum
852 1533 1009 1608 iniecerit,
1028 1537 1068 1596 ius

164 1632 182 1684 3
195 1637 304 1680 vemus
317 1622 420 1694 operi:
437 1619 511 1679 illud
523 1621 613 1680 etiam
628 1619 659 1678 in
675 1620 735 1679 hoc
749 1626 929 1678 transcursu
944 1618 1068 1679 dicendi

196 1703 237 1760 ita
258 1709 377 1774 septem
402 1719 500 1761 annos
522 1703 623 1762 Rhodi
648 1710 813 1774 moratum,
839 1709 872 1761 ut
893 1719 1024 1775 omneS‚
1053 1723 1068 1778 q

197 1783 376 1843 consulibus
388 1784 542 1859 legatique
554 1785 585 1843 in
596 1786 815 1845 transmarinas
831 1787 963 1861 protecti
981 1794 1068 1867 [esser

195 1866 329 1941 vincias,
351 1867 473 1927 visendi
488 1866 555 1927 eins
570 1869 668 1942 gratia
682 1870 721 1928 ad
736 1885 806 1929 enm
823 1871 1050 1931 convenientes
1065 1893 1068 1930 ε

195 1951 330 2026 privato,
354 1952 380 2011 si
395 1953 446 2011 illa
459 1953 604 2012 maiestas
620 1952 739 2027 privata
753 1970 887 2029 unquam
903 1953 974 2028 suit,
999 1957 1068 2016 fasc

196 2034 403 2096 summiserint
423 2037 562 2112 fassique
587 2037 647 2097 sint
671 2036 764 2097 otium
788 2039 854 2097 eius
879 2037 1068 2100 honoratius

194 2120 239 2178 rio
256 2136 323 2179 suo.
847 2181 849 2186 .

163 2209 178 2258 1
277 2203 307 2261 C.
342 2203 446 2263 Sensit
464 2211 612 2264 terrarum
634 2205 718 2264 orbis
739 2204 911 2279 digressum
929 2221 948 2264 a
968 2216 1068 2269 custo

194 2302 301 2346 ronem
320 2287 421 2343 urbis:
448 2303 517 2344 nam
532 2295 561 2346 et
574 2287 704 2345 Parthus
726 2287 905 2348 desciscens
921 2304 940 2346 a
956 2293 1068 2352 societ

194 2383 286 2426 mana
307 2368 417 2426 adiecit
430 2369 594 2428 Armeniae
615 2385 738 2429 manum
760 2379 790 2431 et
806 2373 968 2431 Germania
989 2391 1068 2435 aver

160 2450 310 2510 amitoris
331 2451 378 2509 sui
402 2452 501 2510 oculis
520 2453 689 2513 rebellavit.
725 2455 765 2513 At
786 2456 815 2513 in
837 2457 914 2515 urbe
936 2472 975 2516 eo
998 2459 1068 2533 ipso

195 2548 256 2608 quo
278 2534 587 2609 magnificentissimis
611 2538 781 2611 gladiatorii
805 2539 938 2598 muneris
964 2559 1068 2603 naumr

194 2633 254 2694 que
271 2621 455 2692 spectaculis
472 2619 563 2679 divus
577 2622 736 2694 Augustus
753 2623 864 2682 abhinc
879 2639 979 2684 annos
995 2628 1065 2702 trigi

193 2709 223 2761 et
239 2703 324 2763 Gallo
342 2702 465 2761 Caninio
482 2704 677 2777 consulibus,
700 2705 840 2766 dedicato
855 2706 960 2766 Martis
983 2716 1068 2785 temp.

192 2800 260 2843 mos
287 2785 457 2857 oculosque
482 2786 589 2860 populi
610 2788 739 2847 Romani
764 2793 950 2864 repleverat,
979 2795 1068 2854 foeda

191 2867 400 2940 memoriaque
421 2867 576 2929 horrenda
596 2871 626 2928 in
647 2870 746 2945 ipsius
764 2873 855 2932 domo
876 2882 1068 2948 tempestast

159 2950 309 3024 equippe
329 2949 393 3009 iilia
414 2950 480 3011 eius
496 2953 586 3027 Iulia,
607 2970 663 3029 per
686 2957 787 3016 omnia
809 2959 881 3016 tanti
903 2962 1042 3032 parentis
1064 2981 1068 3019 r

191 3034 363 3109 immemor,
384 3034 457 3094 nihil
479 3038 564 3110 quod
584 3039 686 3098 lacere
705 3047 758 3099 aut
778 3040 840 3115 pati
861 3042 989 3115 turpiter
1008 3060 1068 3118 pos

191 3118 281 3192 mina,
297 3119 425 3193 luxuria
440 3120 565 3181 libidine
580 3122 723 3182 infectum
736 3125 858 3199 reliquit
872 3127 1063 3200 magnitudin

191 3202 330 3261 fortunae
345 3219 421 3263 suae
435 3206 585 3279 peccandi
596 3206 917 3279 licentiametiebatur,
936 3212 1064 3286 quicqui

158 3291 236 3344 iret
251 3301 306 3358 pro
328 3286 409 3345 licito
430 3287 601 3349 vindicans.
634 3291 708 3350 Tum
724 3293 991 3366 lulusAntonius,
1019 3295 1067 3354 sin

191 3368 365 3440 exemplum
383 3370 560 3430 clementiae
576 3373 725 3447 Caesaris
743 3376 870 3436 violator
885 3378 951 3437 eius
968 3378 1068 3438 domu:

191 3451 318 3509 sceleris
340 3466 409 3510 ase
424 3454 579 3515 commissi
600 3458 680 3517 ultor
696 3459 765 3528 fuit;
794 3475 884 3534 quem
906 3462 985 3521 victo
1002 3463 1068 3522 eius

190 3549 250 3592 non
266 3541 380 3594 tantum
396 3536 601 3598 incolumitate
617 3540 792 3616 donaverat,
809 3543 867 3603 sed
882 3546 1068 3620 sacerdotio,

25 3826 191 3944 *N
