2348 4222
165 344 206 407 68
434 341 474 399 Μ.
496 340 638 399 VELLEI
660 338 877 398 PATERCULI

164 495 339 557 Parmensis
362 493 486 553 Cassius
509 498 606 552 morte
628 505 747 565 poenas
769 489 867 562 dedit,
888 494 924 549 ut
943 489 1072 550 dederat

166 597 234 641 mus
249 578 430 638 Trebonius.

134 675 149 726 1
247 661 432 722 LXXXVlll.
455 661 533 720 Dum
546 658 678 717 ultimam
690 656 771 717 bello
785 655 913 717 Actiaco
926 656 1082 717 Alexaudi

167 763 226 823 que
243 746 356 806 Caesar
370 744 499 818 imponit
516 757 654 813 manum,
680 739 720 797 Μ.
735 740 885 814 Lepidus,
912 738 1038 801 iuvenis
1056 742 1082 803 tu

167 848 257 907 quam
275 836 376 888 mente
391 828 514 900 melior,
536 823 644 898 Lepidi
660 824 726 883 eius
743 825 794 898 qui
816 824 954 882 triumvir
977 824 1071 885 tuerat

167 914 307 990 publicae
323 911 573 980 constituendae,
595 907 691 979 filius,
713 908 798 967 lunia
811 906 898 967 Bruti
919 923 1082 969 sororem

165 997 375 1067 interficiendi,
392 996 480 1054 simul
495 995 525 1052 in
541 994 646 1051 urbem
660 990 847 1062 revertisset,
865 991 1013 1051 Caesaris
1028 1008 1082 1053 cont

133 1080 282 1141 linierat.
314 1079 398 1136 Tunc
424 1077 509 1136 urbis
535 1073 684 1135 custodiis
708 1076 905 1150 praepositus
928 1075 962 1134 C.
979 1076 1082 1137 Maece

166 1162 302 1239 equestri
318 1161 375 1221 sed
390 1159 553 1236 splendido
570 1174 683 1233 genere
698 1166 797 1233 natus,
814 1160 868 1234 vir,
883 1159 936 1217 ubi
952 1175 1008 1220 res
1022 1159 1082 1235 vigil

166 1247 316 1321 exigeret,
332 1261 407 1304 sane
422 1243 596 1314 exsomnis,
619 1243 787 1318 providens
803 1252 895 1318 atque
910 1245 1028 1316 agendi
1040 1246 1082 1303 scit

166 1331 256 1392 simul
271 1344 345 1389 vero
360 1328 476 1403 aliquid
491 1344 530 1386 ex
546 1327 669 1402 negotio
684 1327 794 1387 remitti
808 1334 926 1402 posset,
946 1328 1014 1389 otio
1029 1342 1082 1388 acu

166 1415 237 1475 litiis
263 1429 363 1487 paene
386 1414 466 1473 ultra
490 1411 633 1471 seminam
658 1408 774 1482 fluens,
801 1429 861 1472 non
886 1409 996 1472 minus
1017 1410 1082 1487 Agn'p

168 1494 291 1558 Caesari
307 1513 407 1571 carus,
423 1498 480 1556 sed
493 1496 593 1556 minus
607 1495 776 1556 honoratus
792 1497 926 1570 (quippe
939 1496 1022 1557 vixit
1034 1508 1082 1568 argu

168 1583 319 1654 clavillae
332 1584 508 1651 contentus)
523 1596 580 1640 nec
594 1580 712 1639 minora
727 1580 876 1654 consequi
891 1578 1007 1653 potuit,
1022 1578 1082 1640 sedr

134 1672 227 1726 stam
243 1664 427 1745 concupivit.
453 1664 509 1722 Hic
525 1665 702 1737 speculatus
718 1670 765 1722 est
780 1679 835 1737 per
851 1678 1007 1723 summam
1022 1662 1082 1739 quid

167 1763 203 1806 ac
229 1744 503 1804 dissimulationem
528 1745 703 1819 praecipitis
730 1748 859 1806 consilia
881 1748 1008 1808 iuvenis
1029 1754 1082 1808 etn

168 1828 321 1888 celeritate
343 1829 487 1902 nullaque
508 1844 578 1887 cum
599 1828 827 1902 perturbatione
841 1836 893 1889 aut
907 1847 1014 1892 rerum
1031 1826 1082 1891 auti

167 1911 280 1971 minum
292 1927 445 1986 oppresso
457 1911 574 1986 Lepido
590 1912 721 1971 immane
731 1913 803 1973 novi
816 1929 851 1973 ae
862 1912 1082 1976 resurrecturit

168 1995 265 2055 civilis
280 1995 421 2056 restinxit
439 1995 571 2056 initium=
598 2003 628 2055 et
642 1997 692 2055 ille
707 1997 828 2071 quidem
845 1998 925 2057 male
941 2000 1082 2060 consultor

134 2082 152 2136 4
166 2096 285 2155 poenas
297 2081 439 2140 exsolvit·
461 2080 620 2155 Aequetur
634 2080 810 2154 praedictae
826 2082 885 2140 iam
896 2082 1016 2144 Antisti
1026 2077 1082 2144 Sert'

166 2164 273 2239 Lepidi
289 2180 382 2236 uxor,
407 2180 487 2238 quae
501 2165 572 2224 vivo
588 2164 650 2237 igni
666 2163 813 2223 devorato
830 2174 1082 2238 praematurautt

166 2255 226 2307 tem
242 2246 401 2306 immortali
417 2248 547 2307 nominis
564 2247 611 2307 sui
628 2246 769 2322 pensavit
784 2247 943 2308 memoria.

135 2335 150 2386 1
247 2329 402 2389 LXXXIX.
438 2330 551 2389 Caesar
576 2336 676 2390 autem
698 2346 843 2390 reversus
869 2332 899 2390 in
921 2332 1042 2394 Italiam
1056 2338 1082 2391 u

167 2412 274 2472 urbem
290 2429 351 2486 quo
368 2429 514 2485 occursu,
533 2431 594 2488 quo
610 2415 716 2474 lavore
730 2415 864 2473 omnium
880 2415 1082 2490 hominumn

166 2497 255 2568 tium,
285 2497 425 2558 ordinum
445 2505 593 2573 exceptus
616 2497 669 2570 sit,
697 2514 777 2572 quae
800 2497 1031 2572 magnificentia
1047 2500 1082 2561 trit

166 2579 297 2656 phorum
313 2581 396 2653 eius,
419 2597 499 2656 quae
513 2583 604 2641 fuerit
617 2597 791 2655 munerum,
807 2598 846 2641 ne
859 2583 890 2641 in
906 2587 1017 2658 operis
1031 2582 1082 2663 quit

166 2664 237 2723 iusti
249 2666 384 2738 matoria,
396 2665 509 2722 nedum
520 2664 611 2723 huius
624 2671 685 2724 tam
695 2664 787 2724 recisi
798 2667 889 2740 digne
897 2670 1032 2743 exprimi
1039 2672 1082 2743 pot

135 2747 378 2823 aNihitdeinde
399 2753 506 2819 optare
527 2762 546 2805 a
566 2747 624 2805 diis
646 2746 800 2822 homines,
822 2749 895 2808 nihil
911 2751 956 2810 dii
979 2748 1082 2815 homitti

166 2835 325 2903 praestare
341 2836 486 2902 possunt,
502 2828 574 2888 nihil
589 2836 660 2890 voto
677 2832 812 2906 concipi,
828 2834 901 2892 nihil
917 2836 1082 2899 felicitatur

168 2912 328 2984 summani,
346 2913 428 2985 quod
444 2928 505 2971 non
518 2915 677 2986 Augustus
693 2924 764 2991 post
777 2917 908 2977 reditum
924 2916 956 2977 in
972 2923 1080 2982 urbem

166 2995 307 3070 publicae
320 2996 499 3071 populoque
510 2998 649 3058 Romano
664 3007 874 3074 terrarumque
886 3001 955 3062 orbi
970 3021 1082 3082 reprae

134 3087 150 3138 3
165 3080 281 3140 laverit.
304 3080 402 3141 Finita
414 3080 560 3140 vicesimo
572 3098 653 3142 anno
666 3082 746 3142 bella
757 3085 866 3158 civilia,
879 3090 1007 3161 sepulta
1017 3098 1082 3150 extr

166 3172 312 3223 revocata
332 3181 410 3240 pax,
435 3163 555 3240 sopitus
577 3165 692 3241 ubique
712 3184 864 3229 armorum
885 3170 989 3247 luror,
1013 3182 1082 3234 rest

166 3245 213 3303 vis
235 3247 370 3320 legibus,
390 3248 509 3308 iudiciis
525 3252 705 3324 auctoritas,
731 3252 849 3312 senatui
865 3253 1033 3329 maiestas,
1061 3258 1082 3318 ir

166 3327 244 3386 rium
259 3329 486 3401 magistratuum
501 3334 540 3391 ad
557 3333 716 3408 pristinum
736 3337 892 3396 redactum
916 3342 1066 3411 modum;

136 3411 322 3472 ttummodo
339 3420 407 3472 octo
424 3417 614 3487 praetoribus
630 3419 728 3479 allecti
744 3421 815 3480 duo.
843 3421 948 3481 Prisca
963 3424 1017 3484 illa
1032 3436 1082 3487 etr

168 3510 230 3570 qua
244 3494 431 3569 reipublicae
446 3499 542 3556 torma
556 3512 700 3563 revocata
715 3503 804 3562 rediit
818 3506 918 3564 cultus
934 3510 1038 3583 agris,
1055 3526 1082 3570 st

165 3579 281 3651 honos,
304 3580 452 3640 securitas
469 3581 657 3660 hominibus,
680 3595 761 3647 certa
777 3589 889 3663 cuique
902 3606 1008 3652 rerum
1025 3610 1082 3655 sua
