2348 4222
103 452 107 457 ,
169 383 215 447 40
440 379 480 437 Μ.
502 376 644 436 vannat
665 375 881 435 PATERCULl

169 550 233 593 non
249 534 318 605 plus
338 545 429 604 quam
445 528 548 599 semel,
566 534 596 585 et
610 526 668 585 hoc
684 541 759 585 sane
774 524 897 584 nimium
914 527 981 599 fuit,
998 544 1061 585 usu

136 628 155 680 5
169 615 321 676 sustinuit.
349 614 446 671 Huius
461 611 517 668 viri
532 610 686 682 fastigium
701 609 791 668 tantis
806 610 945 668 auctibus
962 612 1059 669 fortun

168 701 251 772 tulit,
273 705 307 758 ut
321 697 449 771 primum
471 710 510 751 ex
524 694 642 763 Africa,
666 693 773 750 iterum
794 708 832 750 ex
846 693 984 766 Europa,
1008 702 1061 752 tert

170 783 247 842 Asia
261 780 472 854 triumpharet,
489 785 519 836 et
535 785 609 850 quot
624 784 727 849 partes
741 784 889 835 terrarum
905 777 987 835 orbis
1004 795 1059 836 sun

137 867 261 928 (itidem
278 867 393 922 faceret
412 867 609 921 monumenta
629 861 773 918 victoriae
788 876 871 918 suae.
899 860 1061 933 Nunquam

169 948 273 1008 nentia
294 948 408 1004 invidia
424 951 540 1003 carent:
563 944 666 1018 itaque
688 950 719 1002 et
732 944 891 1014 LuculluS,
914 953 1058 1001 memort

170 1038 318 1104 acceptae
333 1030 476 1099 iniuriae,
499 1034 528 1086 et
541 1027 680 1086 Meteilus
697 1027 845 1096 CreticuS,
868 1042 928 1084 non
951 1027 1058 1085 iniuste

169 1131 255 1186 rens,
277 1114 408 1187 (quippe
423 1120 632 1171 ornamentum
653 1111 797 1183 triumphi
818 1109 883 1168 eius
900 1112 1061 1184 captivos‹

169 1199 335 1271 Pompeius
352 1197 554 1264 subduxerat)
569 1200 599 1252 et
614 1209 683 1252 eum
703 1194 739 1252 iis
762 1210 834 1267 pars
852 1193 1040 1268 optimatium
1055 1212 1061 1250 l

170 1284 313 1355 gabatur,
335 1288 441 1338 aeaut
455 1278 607 1352 promissa
622 1277 793 1336 civitatibus
809 1277 985 1350 aPompeio
1002 1285 1053 1336 aut

169 1365 286 1424 meritis
302 1364 438 1438 praemia
452 1363 490 1420 ud
507 1362 660 1419 arbitrium
676 1361 742 1418 eius
760 1362 1018 1433 persolverentur.

138 1458 154 1509 1
251 1448 325 1508 XLl.
350 1447 479 1505 Secutus
496 1445 606 1503 deinde
623 1452 670 1504 est
685 1446 862 1502 consulatus
880 1445 910 1502 C.
927 1445 1061 1503 Caesaris

171 1531 317 1591 scribenti
338 1546 460 1589 manum
486 1527 580 1586 iniieit
604 1535 634 1586 et
655 1528 820 1602 quamlibet
845 1528 1036 1586 festinantem

137 1614 279 1674 tolerari
298 1615 387 1687 cogit.
416 1613 472 1672 Hie
488 1611 677 1670 nobilissima
691 1612 834 1669 luliarum
849 1612 969 1684 genitus
986 1612 1056 1668 fami

173 1699 258 1770 quod
270 1696 462 1750 monumentis
481 1693 699 1766 antiquissimis
717 1696 895 1766 constabat,
911 1695 949 1753 ab
964 1695 1062 1752 Anelti

171 1782 293 1837 Venere
309 1779 467 1836 deducens
482 1793 594 1850 genus,
611 1779 709 1836 forma
723 1779 857 1836 omnium
874 1779 984 1836 civium
1001 1794 1057 1835 exe

171 1861 325 1931 tissimus,
342 1862 447 1934 vigore
463 1860 554 1918 animi
569 1861 745 1932 acerrimus
761 1861 985 1920 munificentiae
1003 1861 1061 1919 elfu

171 1961 250 2015 mas,
266 1945 366 2003 animo
383 1959 478 2016 super
491 1943 655 2003 humanam
667 1951 696 2002 et
710 1953 847 2004 naturam
862 1953 893 2004 et
908 1946 1000 2003 fidem
1016 1961 1061 2003 eat

171 2028 381 2102 magnitudine
403 2028 636 2100 cogitationum,
659 2028 812 2087 eeleritate
834 2029 983 2100 bellandi,
1006 2036 1061 2102 pat

171 2110 377 2186 periculorum
392 2111 504 2184 Magno
520 2110 562 2168 illi
578 2112 755 2170 Alexandro
773 2113 829 2170 sed
845 2111 949 2171 sobrio
972 2127 1061 2186 nequi

172 2197 273 2256 eundo
295 2195 479 2265 simillimae,
503 2194 553 2268 qui
575 2195 708 2267 denique
730 2211 851 2268 semper
870 2203 900 2254 et
914 2212 1057 2255 somnos

170 2279 199 2337 in
215 2277 322 2347 vitam,
343 2295 404 2334 non
420 2278 450 2333 in
465 2280 652 2350 voluptatem
668 2284 817 2352 uteretur,
834 2295 902 2338 cum
917 2281 1027 2338 fuisset
1044 2279 1061 2336 C

170 2363 216 2418 rio
239 2359 387 2430 sauguine
410 2359 676 2418 coniunctissimus
698 2369 791 2435 atque
812 2362 894 2420 idem
915 2364 1026 2422 Cinnae
1047 2378 1061 2434 g

171 2443 259 2502 euius
271 2443 362 2499 liliam
375 2449 408 2501 ut
421 2441 598 2514 repudiaret
612 2443 694 2502 nullo
710 2452 791 2503 metu
804 2446 946 2520 compelli
959 2445 1061 2520 potuit,

169 2526 210 2584 M.
224 2525 296 2583 Piso
313 2526 484 2584 consularis
499 2525 631 2584 Anniam
654 2543 733 2600 quae
749 2529 861 2587 Cinnae
882 2543 962 2589 uxor
984 2530 1061 2587 luera

171 2608 275 2668 Sullae
290 2609 457 2667 dimisisset
470 2609 606 2682 gratiam,
623 2609 844 2685 habuissetque
859 2614 925 2672 fere
941 2613 1061 2673 duodev

169 2707 268 2752 annos
291 2708 327 2750 eo
350 2700 504 2766 tempore,
526 2709 588 2765 quo
605 2691 688 2752 Sulla
708 2710 809 2753 rerum
832 2698 947 2770 potitus
969 2703 1032 2768 est,
1051 2710 1061 2751 1

168 2775 314 2833 ministris
330 2773 433 2832 Sullae
454 2775 707 2850 adiutoribusque
728 2779 858 2851 partium
879 2795 970 2854 quam
992 2780 1061 2853 ipso

170 2857 360 2931 quirentibus
381 2859 504 2916 eumad
525 2874 647 2931 necem,
667 2868 779 2920 mutata
798 2869 885 2921 veste
907 2861 1061 2921 dissimile

169 2941 310 3000 fortunae
325 2955 400 2999 suae
414 2941 538 3000 indutus
554 2942 686 3002 habitum
702 2952 792 3003 noete
806 2946 882 3006 urbe
897 2948 1025 3021 elapsus
1043 2960 1059 3002 e

137 3031 154 3083 1
249 3023 338 3082 XLll.
370 3024 453 3082 Idem
475 3033 584 3099 postea
604 3027 768 3086 admodum
789 3027 995 3088 iuvenis'eum
1012 3045 1061 3102 ap

169 3115 278 3182 captus
294 3110 392 3178 esset,
412 3107 453 3167 ita
474 3123 509 3166 se
530 3125 586 3183 per
602 3125 691 3168 omne
707 3112 837 3186 spatium
855 3130 915 3186 quo
932 3113 972 3171 ab
987 3113 1036 3172 his
1052 3129 1061 3169 r

167 3198 218 3250 tus
233 3196 288 3262 cst,
305 3192 385 3264 apud
405 3207 459 3250 eos
475 3193 580 3265 gessit,
596 3200 629 3252 ut
643 3193 757 3267 pariter
771 3195 808 3254 iis
823 3197 931 3255 terrori
946 3211 1061 3255 venera

169 3288 231 3346 que
241 3281 326 3331 esset
340 3290 440 3348 neque
454 3293 589 3349 unquam
601 3283 653 3335 aut
666 3285 755 3336 nocte
768 3286 820 3337 aut
831 3279 879 3337 die
891 3286 959 3353 (eur
974 3281 1056 3338 enim

167 3357 219 3413 vel
234 3356 397 3413 maximum
414 3365 475 3428 est,
499 3360 525 3416 si
540 3359 656 3418 narrari
672 3361 774 3420 verbis
790 3363 942 3435 speciosis
958 3380 1022 3423 non
1039 3380 1060 3437 p

169 3437 356 3509 omittaturt)
368 3446 419 3496 aut
430 3443 658 3502 excalcearetur
670 3451 722 3504 aut
734 3443 965 3518 discingerctur,
979 3448 1011 3505 in
1023 3446 1061 3504 ho

166 3519 239 3580 licet
253 3537 300 3592 ne,
316 3520 477 3596 siquando
494 3524 608 3598 aliquid
620 3543 658 3585 ex
671 3529 759 3587 solito
773 3531 910 3600 variaret
926 3537 1061 3606 suspect

134 3609 152 3661 2
168 3603 221 3677 qui
237 3603 335 3664 oeulis
350 3610 558 3668 tantummodo
571 3625 640 3668 eum
653 3612 881 3687 custodiebant,
896 3614 985 3672 feret.
1014 3613 1059 3672 Lo
