2348 4222
195 410 236 474 18
464 411 503 469 llll.
525 411 671 469 VELLET
687 411 901 471 PATERCULI

161 566 321 630 salterum
342 563 431 621 etiam
453 561 638 621 continuavit
658 562 850 621 tribunatum.
883 561 969 619 Hunc
982 561 1014 618 L.
1031 560 1106 635 Opin

195 649 314 720 consul,
331 646 382 718 qui
397 653 521 720 praetor
530 646 684 720 Fregellas
700 645 864 718 exciderat,
880 653 1059 718 persecutus
1075 661 1106 702 ar

193 744 317 804 unaque
341 728 479 787 Fulvium
498 730 654 802 Flaccum,
681 729 872 788 consularem
897 743 933 785 ac
958 727 1106 801 triumpha

193 814 306 884 virum,
323 828 421 887 aeque
437 829 532 886 prava
547 812 733 885 cupientem,
755 826 846 884 quem
860 811 891 872 C.
909 809 1064 868 Gracchus
1080 811 1106 868 in

194 912 263 955 cum
277 896 375 954 Tiberi
394 896 493 954 fratris
509 895 697 954 triumvirum
717 894 854 966 nomine,
874 909 908 951 re
929 899 1029 951 autern
1051 908 1106 952 soc

161 978 305 1052 trogalis
327 979 542 1051 adsumpserat
561 978 730 1052 potentiae,
752 983 849 1035 morte
865 977 984 1036 adfecit.
1021 976 1056 1033 Id
1075 993 1106 1034 ur

193 1059 309 1119 nefarie
335 1060 372 1118 ab
400 1060 517 1134 Opimio
543 1060 711 1134 proditum,
741 1059 824 1134 quod
849 1058 957 1136 capitis
982 1074 1043 1118 non
1072 1060 1103 1117 di

195 1143 337 1215 Gracchi,
366 1145 422 1202 sed
448 1145 523 1202 civis
543 1144 673 1203 Romani
698 1144 826 1217 pretium
851 1159 886 1200 sc
912 1143 1052 1201 daturum
1078 1143 1106 1200 id

161 1232 176 1283 5
195 1242 269 1285 auro
280 1242 482 1299 repensurum
494 1228 666 1301 proposuit.
687 1225 815 1285 Flaccus
831 1227 860 1283 in
870 1226 1022 1284 Aventino
1037 1241 1104 1283 arm

193 1326 229 1368 ac
240 1326 374 1384 pugnam
386 1311 469 1369 ciens
483 1327 551 1369 cum
566 1310 627 1368 filio
639 1310 754 1368 maiore
769 1310 920 1381 iugulatus
934 1314 995 1378 est;
1013 1308 1106 1366 Grac<

191 1394 372 1466 profugiens
389 1409 457 1452 curn
472 1394 531 1452 iam
547 1392 857 1466 comprehenderetur
871 1391 909 1449 ab
924 1391 977 1464 iis,
1001 1407 1083 1465 quos
1102 1402 1106 1438 ⁴

191 1477 271 1536 mius
285 1477 423 1550 miserat,
446 1477 593 1534 cervicem
608 1477 733 1549 Euporo
750 1490 840 1534 servo
862 1473 1017 1549 praebuit,
1042 1473 1095 1549 qui

160 1563 177 1615 6
192 1561 318 1634 segnius
331 1558 444 1634 seipse
459 1559 616 1630 interemit,
634 1574 723 1632 quam
737 1557 860 1617 domino
874 1565 1077 1617 succurreret.

192 1643 243 1700 die
260 1642 422 1714 singularis
433 1643 582 1716 Pomponi
597 1642 709 1716 equitis
719 1641 848 1701 Romani
862 1641 892 1697 in
906 1639 1077 1699 Gracchum
1092 1641 1106 1699 f

191 1724 261 1796 fuit,
284 1724 335 1796 qui
350 1740 435 1782 more
451 1726 571 1783 Coclitis
586 1724 762 1784 sustentatis
783 1724 814 1781 in
831 1731 922 1796 ponte
936 1723 1078 1782 hostibus
1096 1740 1106 1782 ε

160 1809 176 1863 7
191 1805 292 1880 gladio
310 1821 344 1864 se
360 1807 518 1865 transfixit.
546 1808 585 1866 Ut
598 1807 641 1865 Ti.
658 1806 786 1865 Gracchi
801 1813 890 1866 antea
905 1821 1036 1881 corpus,
1059 1806 1102 1866 ita

190 1889 267 1946 mira
283 1889 460 1948 crudelitate
474 1889 623 1949 victorum
638 1890 668 1947 in
683 1889 813 1948 Tiberim
829 1889 979 1948 deiectum
995 1898 1054 1950 cst.
1081 1891 1106 1948 H

191 1972 233 2028 Ti.
258 1971 385 2030 Gracchi
406 1972 507 2046 liberi,
535 1971 567 2030 P.
591 1971 745 2045 Scipionis
765 1970 902 2030 Africani
922 1978 1071 2047 nepoteS,
1100 1991 1106 2008 ¹

191 2050 291 2113 adhuc
306 2061 402 2114 matre
418 2054 572 2128 Cornelia,
586 2055 723 2113 Africani
737 2055 812 2126 lilia,
828 2054 885 2113 viri
901 2056 1022 2129 optimis
1039 2058 1106 2130 inge

189 2139 268 2196 male
283 2139 347 2209 usi,
362 2139 446 2197 vitae.
457 2139 624 2212 mortisque
639 2138 774 2197 habuere
789 2138 917 2208 exitum3
942 2139 993 2213 qui
1008 2140 1036 2198 si
1052 2140 1106 2198 civi

192 2220 345 2293 dignitatis
369 2223 587 2294 concupissent
615 2221 754 2293 modum,
787 2222 934 2296 quicquid
957 2224 1106 2284 tumultuat

191 2303 321 2374 adipisci
335 2303 516 2374 gestierunt,
531 2303 644 2375 quietis
660 2303 820 2364 obtulisset
833 2306 1018 2379 respublica.

159 2390 175 2441 1
273 2384 338 2441 Vll.
366 2384 447 2442 Huic
460 2384 609 2444 atrocitati
620 2385 770 2446 adlectum
783 2390 885 2448 scelus
896 2390 1033 2447 unicum:
1051 2389 1104 2463 qui

190 2466 310 2524 iuvenis
326 2467 430 2539 specie
451 2468 606 2527 excellens
627 2470 757 2529 necdum
772 2471 1052 2531 duodevicesimum
1066 2479 1106 2530 tre

190 2563 318 2621 gressus
331 2565 442 2608 annum
457 2551 660 2625 immunisque
672 2554 849 2613 delicturum
860 2562 1066 2629 paternorum,
1080 2553 1106 2613 F

188 2630 290 2691 Flacci
305 2632 401 2705 illiue,
419 2649 510 2707 quem
524 2642 611 2707 pater
625 2635 755 2707 legatum
772 2637 811 2694 de
827 2637 1061 2698 condicionibus
1073 2653 1103 2695 m

188 2720 249 2785 rat,
277 2716 315 2772 ab
338 2715 456 2788 Opimio
482 2716 680 2791 interemptus
703 2727 758 2778 est.
796 2719 890 2792 Quem
915 2736 984 2779 cum
1010 2720 1106 2793 harus}

187 2796 307 2854 Tuscus
329 2797 444 2855 amicus
465 2797 587 2857 flentem
608 2801 637 2858 in
653 2802 775 2861 vincula
789 2802 860 2862 duci
875 2803 1018 2863 vidisset=
1043 2804 1106 2878 quir

187 2876 248 2935 hoc
269 2879 387 2952 potiuS,
415 2881 527 2955 inquit,
554 2883 651 2942 facist
674 2884 876 2960 protinusque
899 2887 990 2948 inliso
1014 2888 1106 2962 capite

187 2967 310 3034 postem
329 2963 484 3036 lapideum
505 2966 614 3024 ianuae
636 2967 768 3028 carceris
785 2968 948 3043 effusoque
969 2970 1100 3030 cerebro

185 3044 307 3118 piravit.
336 3046 543 3122 crudelesque
558 3065 630 3107 mox
645 3052 840 3124 quaestiones
856 3055 885 3111 in
901 3055 1019 3113 amicos
1035 3055 1106 3114 clier

154 3136 172 3186 2
188 3143 248 3200 que
264 3128 471 3190 Gracchorum
486 3130 606 3190 habitae
622 3141 701 3192 sunt.
726 3134 788 3194 Sed
800 3134 959 3209 Opimium,
976 3137 1079 3197 virum
1094 3154 1106 3197 a

189 3211 241 3280 qui
256 3219 392 3271 sanctum
408 3223 438 3273 et
452 3231 585 3288 gravem,
602 3218 772 3275 damnatum
788 3227 898 3292 postea
913 3219 1029 3279 iudicio
1043 3220 1106 3295 pub

186 3293 333 3351 memoria
353 3297 451 3368 ipsius
473 3299 634 3371 saevitiae,
655 3302 738 3358 nulla
753 3302 849 3360 civilis
864 3311 1032 3376 prosecuta
1048 3311 1098 3364 est

188 3374 366 3434 sericordia.
401 3377 517 3437 Eadem
530 3382 683 3454 Rupilium
698 3383 926 3459 Popiliumque,
951 3386 1004 3461 qui
1021 3404 1106 3447 const

187 3457 356 3530 asperrime
377 3459 406 3516 in
427 3461 525 3521 Tiberi
548 3464 675 3524 Gracchi
696 3467 812 3527 amicos
839 3469 1029 3546 saevierant,
1056 3488 1106 3546 pot

153 3544 172 3596 3
185 3537 367 3600 iudiciorum
383 3544 573 3617 publicorum
588 3550 693 3607 merito
710 3552 866 3624 oppressit
879 3552 1006 3613 invidia.
1028 3556 1106 3615 Reit

184 3630 236 3682 tae
255 3641 366 3699 parum
388 3628 426 3686 ad
448 3627 582 3689 notitiam
603 3634 757 3705 pertinens
783 3636 1004 3710 interponatur.
1040 3637 1100 3698 Hic
