2348 4222
166 317 206 381 58
439 315 479 373 Μ.
502 313 643 373 VELLEl
665 313 877 373 PATERCULI

166 468 195 527 in
216 466 428 525 Macedoniam
449 472 478 524 ot
499 465 581 538 apud
600 465 706 523 urbem
726 463 884 538 Philippos
906 479 975 522 cum
997 465 1038 522 M.

168 550 337 623 Cassioque
349 549 414 608 acie
427 554 654 608 concurrerunt.
681 546 797 618 Cornu,
811 548 859 606 cui
871 547 984 606 Brutus
998 565 1044 621 pr:

167 633 307 707 impulsis
321 632 461 691 hostibus
475 639 574 691 castra
583 631 725 690 Caesaris
738 631 835 704 cepit3
851 639 934 703 (nam
947 631 1044 704 ipse(

168 717 284 775 etiamsi
299 716 525 775 infirmissimus
537 713 710 772 valetudine
722 721 800 785 erat,
817 713 919 772 obibat
934 715 1043 773 munia

168 808 271 859 oratus
288 800 378 858 etlam
392 798 430 857 ab
445 799 568 858 artorio
583 796 717 866 medico,
742 811 780 855 ne
795 797 825 854 ln
842 796 950 854 castris
966 813 1044 856 rema

167 883 327 942 manifesta
342 881 575 941 denunciatione
591 879 701 954 quietis
717 879 834 949 territo)
855 881 884 937 id
900 887 1019 953 autem,
1042 886 1044 939 i

169 965 293 1024 Cassius
317 964 428 1036 luerat,
450 965 586 1036 fugatum
608 978 644 1021 ao
660 964 739 1020 male
760 964 920 1022 mulcatum
943 963 974 1021 in
993 965 1043 1022 alti

139 1055 327 1121 oreceperat
351 1047 428 1105 loca.
458 1047 532 1104 Tum
559 1045 684 1105 Cassius
709 1061 748 1102 ex
774 1061 830 1104 sua
859 1048 982 1105 fortuna
1008 1063 1044 1105 ev

168 1131 304 1203 collegae
320 1129 484 1187 aestimans
500 1144 569 1187 cum
584 1128 751 1186 dimisisset
766 1137 924 1189 evocatum
942 1130 1044 1189 iussis

167 1213 313 1272 nunciare
328 1212 401 1282 sibi,
419 1227 497 1284 quae
509 1217 592 1271 esset
602 1211 762 1271 multitudo
775 1227 810 1270 ac
820 1213 867 1270 vis
879 1211 1039 1272 hominum

167 1296 206 1354 ad
223 1312 256 1355 se
272 1294 423 1368 tenderet,
445 1295 560 1355 tardius
576 1310 612 1352 eo
628 1294 802 1366 nunciante,
820 1311 887 1354 cum
902 1296 932 1353 ln
947 1297 1044 1356 vicinr

168 1395 273 1452 agmen
291 1394 384 1438 cursu
400 1379 438 1437 ad
453 1394 521 1437 eum
537 1377 723 1436 tendentium
736 1392 837 1451 neque
848 1380 977 1452 pulvere
991 1382 1044 1439 laci

133 1520 136 1525 .
168 1463 256 1535 signa
271 1462 408 1521 denotari
423 1469 567 1536 possent,
584 1461 760 1519 existimans
776 1461 873 1520 hostis
892 1477 965 1520 esse
984 1465 1037 1537 qui

168 1553 249 1615 rent,
271 1546 393 1604 lacerna
413 1552 505 1619 caput
532 1544 730 1604 circumdedit
755 1550 971 1618 extentumque
1000 1563 1044 1605 cer

140 1627 322 1686 Sinterritus
348 1628 455 1688 liberto
482 1625 630 1703 praebuit.
658 1627 820 1686 Deciderat
836 1628 922 1687 Cassi
946 1638 1041 1703 caput

168 1717 314 1769 evocatus
341 1711 462 1769 advenit
488 1712 635 1769 nuncians
656 1711 783 1770 Brutum
807 1727 879 1770 esse
905 1710 1044 1771 victoren

168 1808 235 1850 cum
262 1793 474 1864 imperatorem
501 1800 682 1866 prostratum
710 1792 839 1850 videret:
860 1810 1015 1869 „sequar,

167 1891 251 1948 eum,
275 1891 364 1949 quem
383 1891 451 1933 mea
473 1876 583 1934 occidit
603 1875 747 1934 tarditas“
769 1883 799 1934 et
813 1877 854 1934 ita
868 1878 896 1935 in
912 1879 1044 1950 gladium

137 1959 238 2018 ltbuit.
264 1958 336 2018 Post
350 1974 467 2032 paucos
483 1958 593 2018 deinde
609 1958 675 2016 dies
690 1959 801 2017 Brutus
814 1960 954 2019 conflixit
969 1977 1042 2022 cum

167 2043 225 2101 bus
241 2050 270 2101 et
285 2043 381 2102 victus
397 2042 463 2101 acie
479 2058 546 2101 cum
562 2041 590 2100 in
603 2043 750 2100 tumulum
765 2049 854 2100 nocte
870 2059 908 2100 ex
925 2047 1044 2118 sugast

167 2125 277 2199 pissct,
301 2125 472 2200 impetravit
491 2142 509 2183 a
525 2124 665 2186 Stratone
685 2127 835 2198 Aegeate,
859 2128 1001 2188 familiari
1025 2147 1044 2190 s

165 2225 286 2267 manum
299 2210 443 2267 morituro
457 2209 664 2267 commodaret
676 2207 749 2279 sibi,
762 2209 939 2283 reiectoque
952 2213 1043 2273 laevo

167 2299 259 2362 caput
279 2290 402 2349 brachio
421 2305 488 2347 cum
511 2306 685 2350 mucronem
708 2291 789 2362 gladi
805 2293 871 2351 cius
895 2295 1044 2355 dexterat

167 2372 306 2430 sinistrae
315 2371 503 2431 admovisset
510 2372 689 2431 mammillae
697 2373 734 2430 ad
750 2388 819 2431 eum
834 2376 936 2448 ipsum
952 2379 1044 2437 locun

167 2469 220 2512 cor
235 2454 356 2524 emicat,
372 2455 530 2528 impellens
547 2472 581 2516 se
595 2457 627 2514 in
638 2457 748 2515 vulnus
760 2472 820 2516 uno
833 2459 893 2518 ictu
908 2460 1044 2521 transfixi

167 2535 275 2609 niravit
291 2539 438 2612 protinus.

139 2623 154 2674 1
248 2620 347 2679 LXXI.
388 2622 557 2703 Messalla,
571 2620 811 2693 fulgentissimus
827 2624 963 2698 invenie,
984 2644 1042 2702 pro

165 2704 267 2761 inillis
284 2704 391 2762 castris
406 2704 491 2761 Bruti
505 2703 654 2776 Cassique
676 2706 858 2780 auctoritati,
880 2723 949 2767 cum
971 2726 1044 2770 esse

165 2800 235 2843 eum
256 2785 364 2844 ducem
386 2792 563 2859 poscerent,
584 2786 700 2844 servari
714 2786 863 2848 beneficio
880 2790 1023 2853 Caesaris
1041 2813 1044 2852 t

165 2882 254 2940 quam
273 2866 395 2926 dubiam
416 2884 503 2942 spem
524 2884 675 2928 armorum
698 2877 814 2931 tentare
834 2873 982 2947 arnqalius:
1010 2894 1044 2936 ne

165 2949 286 3009 Caesari
304 2951 467 3024 quicquam
482 2967 520 3009 ex
535 2952 670 3012 victoriis
687 2954 751 3012 suis
771 2956 826 3015 suit
840 2959 950 3017 laetius
968 2977 1044 3033 quar.

164 3048 255 3093 nasse
278 3032 453 3108 Corvinum,
476 3042 526 3094 aut
545 3036 642 3094 maius
664 3039 835 3111 exemplum
857 3040 989 3102 hominis
1011 3060 1044 3117 gr

134 3118 204 3190 apii
231 3135 319 3192 quam
337 3117 488 3180 Corvinus
510 3121 539 3176 in
555 3119 716 3178 Caesarem
737 3121 801 3180 luit.
840 3124 907 3183 Non
929 3125 1044 3185 aliudh

163 3202 317 3260 cruentius
332 3203 429 3261 caede
448 3203 684 3262 clarissimorum
699 3204 831 3264 virorum
848 3207 917 3265 suit:
939 3215 1003 3266 tum
1016 3210 1044 3268 Cr

162 3281 242 3340 filius
264 3283 387 3352 cecidit;
408 3286 516 3344 cadem
535 3285 691 3345 Lucullum
706 3287 978 3364 Hortensiumque,
1002 3308 1044 3351 err

162 3363 347 3423 tissimorum
362 3367 471 3424 civium
486 3369 581 3438 filim,
598 3370 718 3428 fortuna
734 3371 873 3440 abstulit;
890 3389 958 3432 nam
971 3376 1044 3434 Vurr

162 3445 323 3504 ludibrium
344 3451 505 3509 moriturus
526 3452 653 3525 Antoni,
676 3452 767 3526 digna
787 3455 838 3515 illo
855 3472 890 3515 ac
909 3472 983 3515 vera
998 3460 1037 3517 de

133 3527 227 3587 seius
249 3545 356 3603 magna
379 3549 447 3592 cnm
468 3533 604 3594 libertate
623 3535 773 3595 ominatus
794 3545 850 3598 est.
885 3540 1042 3600 DrususL
