2422 4200
243 359 452 421 Htsuoatau
473 359 665 423 ROMANAE
686 363 727 435 tt,
750 370 810 423 114.
855 420 859 427 ,
975 359 1017 424 83

29 518 170 591 quantus
182 511 266 572 nullo
277 526 413 586 unquam
424 511 494 572 ioco
506 517 579 586 post
589 511 669 571 belia
682 511 895 587 iueratciviiia,
909 529 1017 575 omnes

25 596 152 670 eoipso
165 595 236 659 iacti
248 601 335 655 erant
352 593 578 669 maximamque
594 594 739 656 fiduciam
751 595 897 657 victoriae
915 596 948 657 in
962 615 1017 659 nu-

25 695 122 741 mero
135 677 334 754 reponebant.
357 676 579 752 Atimperator,
591 679 724 754 optimus
736 694 844 741 eorum
856 696 935 754 quae
947 696 1016 756 age-
1029 696 1046 746 2

10 764 192 829 :batiudex
204 769 235 822 et
246 761 328 821 utilia
341 760 494 835 speciosis
515 764 709 837 praeferens,
733 764 880 838 quodque
894 778 1018 838 semper

25 863 105 909 eum
114 844 344 907 iacientemvidi
352 844 637 919 inomnibusbeiiis,
648 861 728 921 quae
735 846 895 922 probanda
903 853 1017 922 essent,

10 948 98 993 ¹raon
111 943 191 1005 quae
203 929 307 1004 utique
319 929 520 1004 probarentur
531 944 676 1005 sequens,
692 929 800 1004 paucis
813 930 921 991 diebus
931 945 1018 989 exer-

25 1017 137 1088 citum,
146 1011 199 1089 qui
208 1019 341 1085 venerat,
350 1012 390 1073 ad
401 1013 588 1075 refovendas
602 1013 1018 1075 exitinereciusvirismora.

10 1107 94 1171 tus,
108 1111 258 1158 cumeum
272 1097 432 1168 maiorem,
449 1113 540 1172 quam
557 1104 589 1159 ut
602 1098 900 1173 comparticipasset,
917 1112 1019 1172 neque

24 1180 168 1242 habitem
182 1180 390 1255 gubernaculo
406 1187 557 1253 cerneret,
574 1180 724 1243 dimittere
735 1181 852 1251 statuta
870 1196 1047 1255 prosecu-3

24 1274 150 1340 tusque
160 1265 254 1338 longo
267 1263 741 1340 etperquamiaboricsoitinere,
754 1266 841 1326 cuius
854 1265 1017 1325 difficultas

10 1414 12 1421 ,
26 1347 153 1409 narrari
167 1348 220 1408 vix
234 1354 353 1422 potest,
369 1354 403 1409 ut
417 1362 518 1422 neque
532 1347 698 1411 universos
715 1349 878 1423 quisquam
892 1349 1019 1409 auderet

10 1431 177 1513 adgredi,
194 1437 224 1493 et
236 1437 353 1507 partem
365 1429 614 1507 digredientium,
634 1447 759 1493 suorum
784 1433 917 1508 quisque
937 1436 1019 1490 metu

10 1524 17 1599 ἱ,
27 1515 156 1587 finium,
178 1515 314 1575 universi
336 1522 452 1577 tentare
472 1531 545 1575 non,
561 1523 706 1590 possent,
726 1515 843 1574 remisit
862 1529 916 1586 eo,
936 1512 1019 1572 unde

11 1604 193 1668 evenerant,
207 1596 311 1670 etipse
317 1597 504 1671 asperrimae
511 1596 619 1657 hiemis
626 1595 710 1659 initio
718 1611 881 1671 regressus
889 1595 1019 1656 Sisciam

10 1669 166 1771 itegatos,
182 1680 260 1745 inter
275 1694 355 1752 quos
369 1678 430 1754 ipsi
444 1679 566 1752 fuimus,
582 1681 701 1755 partitis
713 1681 861 1754 praefecit
871 1679 1018 1741 hibernis.

10 1772 21 1811 'a
123 1762 223 1821 CXIV.
264 1760 367 1825 Orem
382 1762 464 1822 dictu
486 1779 548 1825 non
563 1767 758 1838 eminentem,
780 1765 837 1824 sed
851 1762 951 1824 solida
965 1778 1018 1823 ve·
1031 1776 1046 1827 1

10 1818 134 1921 iraque
154 1845 264 1911 virtute
284 1854 377 1921 atquc
398 1847 524 1907 uilitate
544 1847 723 1922 maximam,
746 1849 933 1923 experientia
949 1863 1018 1908 sua-

10 1924 207 2004 ivissimam,
226 1929 411 1991 humanitate
432 1930 633 2005 singularem!
667 1932 725 1992 Per
748 1947 838 1992 omne
859 1931 931 1991 beiti
946 1931 1019 1990 Ger·

10 2012 148 2089 *inaniat
171 2012 399 2089 Pannonicique
419 2020 544 2088 tempus
570 2031 661 2075 nemo
693 2014 826 2074 anobis
851 2012 1020 2087 gradumve

10 2094 174 2162 tuoruum
196 2102 248 2158 aut
268 2097 527 2172 praecedentibus
550 2104 601 2156 aut
628 2095 828 2171 sequentibus
848 2094 1019 2154 imbecilius

10 2178 107 2254 utun,
123 2180 211 2240 cuius
227 2180 312 2239 satus
328 2195 365 2238 ac
378 2179 522 2239 valetudo
539 2196 600 2240 non
615 2177 657 2240 ita
671 2184 893 2239 sustentaretur
909 2178 1018 2237 Caesa·

10 2252 79 2323 iris
101 2278 189 2334 cura,
210 2269 355 2337 tanquam
375 2260 627 2323 disiunctissimas
648 2263 699 2322 iiie
718 2268 872 2324 tantorum
893 2276 1020 2322 onerum

10 2330 23 2411 ti
35 2347 118 2406 mole
130 2346 201 2406 huic
212 2346 264 2404 uni
276 2344 399 2419 negotio
412 2353 536 2406 vacaret
546 2348 674 2407 animus.
689 2347 762 2407 Erat
774 2344 1047 2416 desiderantibusq

10 2420 22 2501 i
36 2435 178 2502 paratum
193 2429 326 2489 iunctum
340 2428 530 2503 vehiculum,
544 2431 653 2491 lectica
667 2432 733 2492 eius
749 2431 918 2505 publicata,
932 2429 1020 2489 cuius

10 2514 21 2571 i
35 2527 123 2571 usum
138 2525 210 2573 curn
225 2510 275 2569 alii
290 2518 353 2573 tum
369 2527 427 2584 ego
443 2512 545 2581 sensi;
560 2513 620 2572 iam
634 2512 761 2587 medici,
776 2515 836 2572 iam
851 2520 1019 2588 apparatus

10 2574 18 2609 '⁵
37 2591 114 2666 cibi,
134 2591 193 2657 iarn
213 2592 273 2653 hoc
293 2594 391 2655 scium
412 2597 467 2655 nai
486 2601 637 2668 portatum
658 2595 889 2656 instrumentum
909 2596 1021 2656 balinei

35 2675 1021 2739 nuliiusnonsuccurritvaietudini=domustantumacdomcstici

10 2824 15 2841 2
37 2762 180 2834 deerant,
197 2766 332 2823 ceterum
344 2759 433 2834 nihii,
450 2763 534 2837 qnod
549 2762 588 2822 ab
602 2762 662 2822 iilis
674 2770 727 2824 aut
741 2763 890 2839 praestari
906 2768 956 2821 aut
967 2760 1019 2821 de-

10 2848 18 2915 i
37 2843 168 2909 siderari
181 2850 298 2919 posset.
322 2842 474 2907 Adiiciam
488 2845 577 2920 iliud,
600 2848 699 2921 quod,
716 2846 857 2923 quisquis
872 2844 932 2905 iiiis
945 2851 1020 2905 tem·
1033 2855 1050 2908 3

10 2920 17 3001 ὲ
36 2927 168 3003 poribus
183 2928 332 3003 interfuit,
352 2935 385 2991 ut
398 2928 457 2991 alia
472 2945 551 3005 quae
564 2929 670 3004 retuli,
693 2936 842 3007 agnoscet
862 2929 1019 3005 protinus:

10 3016 20 3073 Γ·
38 3013 126 3075 solus
145 3027 267 3088 semper
287 3028 368 3089 equo
383 3019 491 3074 vectus
506 3022 567 3090 est,
589 3017 675 3077 sotus
691 3030 759 3076 cum
774 3016 826 3088 iis,
849 3030 928 3088 quos
943 3012 1020 3071 invi·

10 3091 169 3171 iuverat,
190 3097 305 3163 maiore
326 3103 412 3173 parte
432 3098 616 3158 aestivarum
631 3099 859 3173 expeditionum
880 3091 1022 3155 coenavit

10 3176 18 3270 j·
40 3179 171 3251 sedeam
186 3197 248 3241 non
264 3179 464 3256 sequentibus
480 3181 688 3256 disciplinam,
711 3187 861 3255 quatenus
877 3177 1020 3253 exemplo

10 3272 101 3339 {non
122 3265 306 3338 nocebatur,
331 3261 464 3338 ignavia
492 3263 656 3325 admonitio
681 3264 844 3339 frequens,
872 3263 1021 3324 interdum

10 3358 23 3419 ς·
40 3355 69 3409 et
84 3349 259 3425 castigatio,
277 3347 410 3409 vindicta
423 3347 596 3417 rarissima3
618 3348 791 3423 agebatque
804 3345 938 3411 medium
953 3348 1020 3422 plu-

10 3430 17 3491 i
39 3431 358 3504 rimedissimuiantis,
374 3429 656 3506 aliquainhibentis.
670 3432 775 3494 Hiems
784 3430 1051 3493 emolumentuma

10 3524 20 3585 ³,
41 3518 150 3589 patrati
165 3516 237 3579 belii
253 3515 394 3586 contulit;
410 3515 467 3575 sed
481 3514 656 3593 insequenti
666 3514 890 3578 aestateomnis
901 3516 1020 3575 Panno-

10 3580 21 3649 Ι
43 3598 92 3660 nia
111 3599 250 3677 reliquiis
271 3601 366 3664 totius
384 3599 457 3661 beili
476 3601 507 3661 in
527 3600 675 3663 Delmatia
695 3601 887 3662 manentibus
912 3613 1021 3675 pacem

11 3652 101 3807 ἶ,
817 3682 856 3745 6*
