2422 4200
154 299 175 360 6
429 293 468 351 Μ.
491 293 631 351 VELLEl
652 291 866 352 PATERCULI

125 444 505 520 tannuisprimusCreon.
528 442 622 522 Sexta
632 443 821 519 Olympiade,
831 443 972 517 postduo

155 547 253 592 annos
269 530 465 604 quamprimo
479 527 642 587 constituta
650 527 755 599 tuerat,
764 527 989 602 Romulus,llla1

153 617 233 676 ultus
248 614 373 673 iniurias
388 612 437 671 avi
443 613 571 671 Romam
585 610 690 669 urbem
697 609 845 670 Parilibus
857 610 888 670 in
900 611 989 670 Palati

154 698 211 772 dit,
228 714 318 772 aquo
333 703 470 770 tempore
490 695 597 754 advos
617 695 759 753 consules
778 695 933 754 annisum
951 710 990 766 se,

155 781 309 854 octoginta
325 797 422 847 unus;
440 779 472 837 id
485 785 585 838 actum
599 785 672 851 post
681 778 801 836 Troiam
821 786 947 851 captam·
959 794 990 836 ar

125 880 141 928 a
154 864 321 937 dringcntis
333 863 455 933 triginta
467 871 595 937 septem.
623 861 658 920 Id
676 862 773 934 gessit
786 862 934 921 Romulus
953 862 992 920 ad

152 944 417 1020 gionibusLatinis
429 943 478 1003 avi
489 946 553 1013 sui;
566 943 695 1002 libenter
702 946 782 1003 enim
793 945 857 1019 hie,
872 945 924 1021 qui
935 944 977 1004 ita

152 1037 231 1102 runt,
245 1027 440 1100 accesserim,
450 1043 517 1085 cum
530 1028 616 1088 aliter
627 1027 749 1086 firmare
756 1029 863 1088 urbem
871 1045 991 1089 novam

153 1112 201 1171 nis
210 1111 390 1170 Veientibus
402 1110 533 1182 aliisque
545 1111 681 1168 Etruscis
697 1126 733 1169 ac
747 1110 869 1170 Sabiois
890 1129 958 1172 cum
979 1103 1037 1212 i<

154 1195 300 1269 pastorali
312 1209 405 1252 manu
417 1193 469 1251 vix
481 1194 621 1267 potuerit,
635 1209 820 1268 quamquam
829 1196 1003 1272 eamasylo

154 1286 199 1337 ter
211 1279 290 1338 duos
301 1280 389 1336 lucos
402 1277 494 1335 auxit.
515 1277 571 1335 Hic
584 1284 703 1334 centum
715 1276 856 1336 homines
873 1280 987 1337 clectos

154 1369 265 1436 tosque
278 1368 381 1434 patres
396 1358 604 1419 instarhabuit
618 1359 728 1418 consili
743 1361 865 1434 publici.
887 1361 972 1419 Hanc
987 1353 1037 1423 ori

155 1461 265 1505 nomen
274 1443 574 1519 patriciorumhabet.
587 1444 705 1518 Raptus
714 1443 864 1517 virginum
873 1443 1037 1504 Sabinacur

238 1525 316 1563 ***
350 1528 413 1585 Nec
431 1527 530 1585 minus
543 1527 643 1585 clarus
662 1541 698 1583 ea
715 1533 896 1601 tempestate
918 1526 974 1585 luit
993 1526 1036 1586 Mi

155 1609 366 1669 filiusCimon.
388 1605 688 1650 **********

127 1703 142 1753 1
238 1691 288 1749 ΙΧ.
333 1690 349 1725 *
365 1689 381 1727 *
396 1689 412 1728 *
426 1689 442 1727 *
455 1690 813 1764 quamtimucrathostis‚
831 1695 956 1766 expetit.
970 1691 1037 1750 Nan

155 1774 206 1834 nio
219 1774 298 1833 adeo
313 1774 397 1832 varia
412 1774 532 1833 fortuna
546 1789 614 1832 cum
627 1774 805 1832 consulibus
818 1775 1013 1848 conflixerat,
1030 1793 1037 1834 ι

154 1873 285 1931 rumque
311 1857 452 1931 superior
474 1857 563 1916 luerit
584 1872 787 1932 magnamque
809 1868 926 1931 partem
942 1859 1037 1918 Graec

127 1942 334 2003 2societatem
346 1957 434 2000 suam
446 1941 636 2015 perduceret.
667 1940 743 2014 Quin
753 1941 863 2000 Rhodii
872 1958 1007 2016 quoque,
1023 1941 1037 2000 i

157 2025 225 2084 simi
248 2033 337 2085 antea
352 2025 515 2096 Romanis,
543 2031 605 2082 tum
625 2024 717 2083 dubia
738 2025 798 2083 fide
815 2025 963 2097 speculati
986 2027 1037 2083 for

156 2107 319 2182 proniores
334 2109 415 2180 regis
433 2107 568 2181 partibus
585 2108 681 2166 luisse
696 2109 754 2167 visi
770 2116 856 2180 sunt,
874 2113 903 2166 et
917 2124 972 2166 rex
983 2108 1037 2167 Eut

154 2192 184 2249 in
200 2206 237 2249 eo
252 2191 333 2248 bello
348 2189 467 2248 medius
484 2189 560 2260 [luit]
578 2191 677 2251 animo
693 2207 794 2263 neque
816 2191 914 2250 fratris
930 2190 1021 2251 initiis

127 2285 232 2338 asuae
253 2271 415 2345 respondit
435 2271 658 2331 consuetudini.
692 2273 766 2331 Tum
788 2281 913 2334 senatus
939 2275 1035 2350 popul

156 2356 313 2415 Romanus
334 2355 367 2413 L.
382 2355 543 2415 Aemilium
564 2355 704 2428 Paulum,
727 2357 778 2431 qui
804 2365 833 2416 et
847 2366 971 2432 praetor
985 2365 1037 2418 etl

153 2439 405 2514 triumphaverat,
429 2441 526 2499 virum
548 2440 578 2497 in
593 2444 708 2499 tantum
722 2441 923 2515 laudandum,
946 2443 1034 2517 inqu

154 2524 288 2597 intellegi
303 2527 400 2583 virtus
413 2531 530 2598 potest,
547 2525 705 2581 consulem
718 2526 848 2598 creavit,
865 2525 960 2584 tilium
971 2526 1037 2584 eius

157 2608 210 2681 qui
225 2607 265 2665 ad
282 2606 400 2665 Cannas
414 2621 504 2680 quam
520 2606 757 2679 tergiversanter
772 2609 976 2681 perniciosam
993 2609 1037 2669 rei

125 2703 144 2757 4
158 2704 212 2748 cae
227 2704 361 2762 pugnarn
375 2689 497 2760 inierat,
513 2695 573 2748 tam
588 2690 704 2750 sortiter
718 2691 749 2749 in
765 2705 802 2750 ea
816 2699 943 2752 raortem
959 2693 1037 2753 obier

154 2772 280 2832 Persam
300 2773 413 2846 ingenti
438 2773 555 2846 proelio
578 2774 661 2847 apud
682 2774 788 2834 urbem
810 2778 932 2836 nomine
947 2776 1037 2854 Pydn

154 2855 338 2914 Macedonia
349 2857 451 2915 lusum
464 2857 661 2930 fugatumque
671 2859 779 2918 castris
792 2861 875 2918 exuit
886 2860 1037 2934 deletisqu

156 2939 253 3013 copiis
269 2938 445 3000 destitutum
459 2939 540 2999 omni
556 2957 612 3015 spe
625 2942 725 3013 coegit
739 2941 943 3002 elllaccdouia
955 2944 1037 3016 proli

157 3039 247 3096 quam
260 3023 309 3082 ille
321 3022 463 3098 linquens
476 3023 506 3081 in
527 3025 655 3083 insulam
670 3022 908 3083 Samothraciam
920 3027 1037 3101 prolug]

155 3106 261 3179 piique
276 3123 310 3165 se
325 3109 464 3181 religioni
479 3108 649 3181 supplicem
664 3107 801 3165 credidit.
830 3109 880 3167 Ad
896 3125 965 3168 eum
980 3109 1034 3169 Cn.

155 3188 224 3246 vius
237 3196 370 3261 praetor,
387 3191 438 3264 qui
451 3191 544 3250 classi
558 3196 706 3264 praeerat
724 3191 862 3263 pervenit
872 3200 902 3252 et
912 3193 1031 3254 ratione

157 3286 249 3344 quam
271 3271 300 3328 vi
318 3272 483 3345 persuasit,
506 3281 538 3332 ut
560 3289 595 3333 se
608 3274 815 3334 Romanorum
836 3276 909 3336 fidei
929 3278 1037 3338 commi

126 3354 201 3412 alta
216 3353 328 3414 Paulus
342 3354 506 3414 maximum
520 3356 806 3432 nobilissimumque
819 3375 923 3433 regem
939 3362 969 3420 in
984 3362 1037 3423 trit

158 3437 253 3495 duxit.
280 3436 345 3508 Quo
355 3445 473 3497 annuet
488 3437 749 3516 Octavipraetoris
765 3444 883 3502 navalis
895 3446 1037 3505 etAnici:

156 3520 328 3596 lllyriorum
345 3521 483 3581 Gentium
508 3531 578 3583 ante
604 3539 726 3584 currum
747 3527 864 3600 agentis
886 3529 1030 3604 triumphi
