<?xml version="1.0" encoding="UTF-8"?>
<!DOCTYPE html PUBLIC "-//W3C//DTD XHTML 1.0 Transitional//EN"
    "http://www.w3.org/TR/xhtml1/DTD/xhtml1-transitional.dtd">
<html xmlns="http://www.w3.org/1999/xhtml" xml:lang="en" lang="en">
 <head>
  <title>
</title>
<meta http-equiv="Content-Type" content="text/html;charset=utf-8" />
  <meta name='ocr-system' content='tesseract 3.04.00' />
  <meta name='ocr-capabilities' content='ocr_page ocr_carea ocr_par ocr_line ocrx_word'/>
</head>
<body>
  <div class='ocr_page' id='page_1' title='image "./mvelleipatercul00haasgoog/mvelleipatercul00haasgoog_0046.png"; bbox 0 0 2348 4222; ppageno 0'>
   <div class='ocr_carea' id='block_1_1' title="bbox 39 416 956 511">
    <p class='ocr_par' dir='ltr' id='par_1_1' title="bbox 39 416 956 511">
     <span class='ocr_line' id='line_1_1' title="bbox 39 416 956 511; baseline 0.002 -33"><span class='ocrx_word' id='word_1_1' title='bbox 39 438 45 511; x_wconf 63' lang='lat' dir='ltr'>p</span> <span class='ocrx_word' id='word_1_2' title='bbox 165 420 374 481; x_wconf 74' lang='lat' dir='ltr'>Hts&#39;rtttnnlt</span> <span class='ocrx_word' id='word_1_3' title='bbox 397 418 589 479; x_wconf 81' lang='lat' dir='ltr'><strong>ROMANAE</strong></span> <span class='ocrx_word' id='word_1_4' title='bbox 609 419 650 492; x_wconf 90' lang='lat' dir='ltr'>II,</span> <span class='ocrx_word' id='word_1_5' title='bbox 671 426 715 479; x_wconf 79' lang='lat' dir='ltr'>nt.</span> <span class='ocrx_word' id='word_1_6' title='bbox 730 427 773 479; x_wconf 75' lang='lat'>25.</span> <span class='ocrx_word' id='word_1_7' title='bbox 913 416 956 479; x_wconf 73' lang='lat'>29</span> 
     </span>
    </p>
   </div>
   <div class='ocr_carea' id='block_1_2' title="bbox 10 520 983 899">
    <p class='ocr_par' dir='ltr' id='par_1_2' title="bbox 10 520 983 899">
     <span class='ocr_line' id='line_1_2' title="bbox 10 520 983 648; baseline 0.002 -18"><span class='ocrx_word' id='word_1_8' title='bbox 10 520 46 648; x_wconf 52' lang='lat' dir='ltr'>gr}</span> <span class='ocrx_word' id='word_1_9' title='bbox 61 570 166 628; x_wconf 84' lang='lat' dir='ltr'><strong>XXIV.</strong></span> <span class='ocrx_word' id='word_1_10' title='bbox 212 570 243 628; x_wconf 87' lang='lat' dir='ltr'>C.</span> <span class='ocrx_word' id='word_1_11' title='bbox 259 570 381 628; x_wconf 90' lang='lat' dir='ltr'>Flavius</span> <span class='ocrx_word' id='word_1_12' title='bbox 396 568 543 641; x_wconf 83' lang='lat' dir='ltr'>Fimbria,</span> <span class='ocrx_word' id='word_1_13' title='bbox 561 569 613 642; x_wconf 90' lang='lat' dir='ltr'>qui</span> <span class='ocrx_word' id='word_1_14' title='bbox 630 570 803 642; x_wconf 79' lang='lat' dir='ltr'>praefectus</span> <span class='ocrx_word' id='word_1_15' title='bbox 819 569 983 643; x_wconf 90' lang='lat' dir='ltr'>equituml</span> 
     </span>
     <span class='ocr_line' id='line_1_3' title="bbox 10 651 956 899; baseline -0.001 -187"><span class='ocrx_word' id='word_1_16' title='bbox 10 653 218 899; x_wconf 37' lang='lat' dir='ltr'>&amp;adventurn</span> <span class='ocrx_word' id='word_1_17' title='bbox 226 651 328 711; x_wconf 91' lang='lat' dir='ltr'>Sullae</span> <span class='ocrx_word' id='word_1_18' title='bbox 334 652 640 711; x_wconf 83' lang='lat' dir='ltr'>ValeriumFlaccum</span> <span class='ocrx_word' id='word_1_19' title='bbox 653 653 847 711; x_wconf 77' lang='lat' dir='ltr'>consularem</span> <span class='ocrx_word' id='word_1_20' title='bbox 857 654 956 712; x_wconf 84' lang='lat' dir='ltr'>virum</span> 
     </span>
    </p>
   </div>
   <div class='ocr_carea' id='block_1_3' title="bbox 10 736 1076 3722">
    <p class='ocr_par' dir='ltr' id='par_1_3' title="bbox 10 736 988 1392">
     <span class='ocr_line' id='line_1_4' title="bbox 40 736 956 810; baseline 0.002 -17"><span class='ocrx_word' id='word_1_21' title='bbox 40 737 183 807; x_wconf 88' lang='lat' dir='ltr'>rfecerat,</span> <span class='ocrx_word' id='word_1_22' title='bbox 207 736 405 810; x_wconf 71' lang='lat' dir='ltr'>exercituque</span> <span class='ocrx_word' id='word_1_23' title='bbox 424 742 574 809; x_wconf 88' lang='lat' dir='ltr'>occupato</span> <span class='ocrx_word' id='word_1_24' title='bbox 596 736 764 808; x_wconf 89' lang='lat' dir='ltr'>imperator</span> <span class='ocrx_word' id='word_1_25' title='bbox 784 737 956 808; x_wconf 88' lang='lat' dir='ltr'>appellatus</span> 
     </span>
     <span class='ocr_line' id='line_1_5' title="bbox 17 817 959 897; baseline 0 -20"><span class='ocrx_word' id='word_1_26' title='bbox 17 892 20 897; x_wconf 27' lang='grc' dir='ltr'>Ι</span> <span class='ocrx_word' id='word_1_27' title='bbox 41 818 251 877; x_wconf 85' lang='lat' dir='ltr'>&#39;Mithridaten</span> <span class='ocrx_word' id='word_1_28' title='bbox 267 822 427 893; x_wconf 83' lang='lat' dir='ltr'>pepulerat</span> <span class='ocrx_word' id='word_1_29' title='bbox 441 819 575 892; x_wconf 88' lang='lat' dir='ltr'>proelio,</span> <span class='ocrx_word' id='word_1_30' title='bbox 591 818 649 876; x_wconf 90' lang='lat' dir='ltr'>sub</span> <span class='ocrx_word' id='word_1_31' title='bbox 661 818 795 877; x_wconf 87' lang='lat' dir='ltr'>adventu</span> <span class='ocrx_word' id='word_1_32' title='bbox 807 817 910 877; x_wconf 84' lang='lat' dir='ltr'>Sullae</span> <span class='ocrx_word' id='word_1_33' title='bbox 923 833 959 877; x_wconf 90' lang='lat' dir='ltr'>se</span> 
     </span>
     <span class='ocr_line' id='line_1_6' title="bbox 10 901 959 975; baseline -0.003 -15"><span class='ocrx_word' id='word_1_34' title='bbox 10 902 44 961; x_wconf 85' lang='lat' dir='ltr'>&#39;se</span> <span class='ocrx_word' id='word_1_35' title='bbox 59 901 225 974; x_wconf 86' lang='lat' dir='ltr'>interemit,</span> <span class='ocrx_word' id='word_1_36' title='bbox 241 903 440 974; x_wconf 85' lang='lat' dir='ltr'>adulescens,</span> <span class='ocrx_word' id='word_1_37' title='bbox 457 917 536 975; x_wconf 88' lang='lat' dir='ltr'>quae</span> <span class='ocrx_word' id='word_1_38' title='bbox 550 901 685 974; x_wconf 90' lang='lat' dir='ltr'>pessime</span> <span class='ocrx_word' id='word_1_39' title='bbox 697 917 791 960; x_wconf 90' lang='lat' dir='ltr'>ausus</span> <span class='ocrx_word' id='word_1_40' title='bbox 803 909 882 972; x_wconf 89' lang='lat' dir='ltr'>erat,</span> <span class='ocrx_word' id='word_1_41' title='bbox 898 901 959 960; x_wconf 89' lang='lat' dir='ltr'>for-</span> 
     </span>
     <span class='ocr_line' id='line_1_7' title="bbox 10 984 988 1058; baseline -0.004 -15"><span class='ocrx_word' id='word_1_42' title='bbox 10 1001 43 1043; x_wconf 87' lang='lat' dir='ltr'>er</span> <span class='ocrx_word' id='word_1_43' title='bbox 59 991 237 1042; x_wconf 89' lang='lat' dir='ltr'>exsecutus.</span> <span class='ocrx_word' id='word_1_44' title='bbox 272 985 390 1043; x_wconf 84' lang='lat' dir='ltr'>Eodem</span> <span class='ocrx_word' id='word_1_45' title='bbox 412 1000 492 1043; x_wconf 90' lang='lat' dir='ltr'>anno</span> <span class='ocrx_word' id='word_1_46' title='bbox 507 984 540 1042; x_wconf 90' lang='lat' dir='ltr'>P.</span> <span class='ocrx_word' id='word_1_47' title='bbox 554 985 674 1043; x_wconf 90' lang='lat' dir='ltr'>Laenas</span> <span class='ocrx_word' id='word_1_48' title='bbox 696 984 836 1044; x_wconf 89' lang='lat' dir='ltr'>tribunus</span> <span class='ocrx_word' id='word_1_49' title='bbox 857 984 988 1058; x_wconf 69' lang='lat' dir='ltr'>plebisl</span> 
     </span>
     <span class='ocr_line' id='line_1_8' title="bbox 10 1066 957 1144; baseline 0.004 -21"><span class='ocrx_word' id='word_1_50' title='bbox 10 1085 50 1125; x_wconf 69' lang='lat' dir='ltr'>tx.</span> <span class='ocrx_word' id='word_1_51' title='bbox 66 1067 215 1125; x_wconf 87' lang='lat' dir='ltr'>Lucilium</span> <span class='ocrx_word' id='word_1_52' title='bbox 230 1066 283 1140; x_wconf 93' lang='lat' dir='ltr'>qui</span> <span class='ocrx_word' id='word_1_53' title='bbox 299 1067 353 1139; x_wconf 90' lang='lat' dir='ltr'>[in]</span> <span class='ocrx_word' id='word_1_54' title='bbox 369 1066 472 1141; x_wconf 91' lang='lat' dir='ltr'>priore</span> <span class='ocrx_word' id='word_1_55' title='bbox 487 1085 566 1127; x_wconf 88' lang='lat' dir='ltr'>anno</span> <span class='ocrx_word' id='word_1_56' title='bbox 583 1068 722 1128; x_wconf 91' lang='lat' dir='ltr'>tribunus</span> <span class='ocrx_word' id='word_1_57' title='bbox 738 1069 838 1144; x_wconf 91' lang='lat' dir='ltr'>plebis</span> <span class='ocrx_word' id='word_1_58' title='bbox 850 1068 957 1140; x_wconf 90' lang='lat' dir='ltr'>fuerat,</span> 
     </span>
     <span class='ocr_line' id='line_1_9' title="bbox 10 1150 959 1227; baseline 0.001 -19"><span class='ocrx_word' id='word_1_59' title='bbox 10 1167 54 1209; x_wconf 92' lang='lat' dir='ltr'>xo</span> <span class='ocrx_word' id='word_1_60' title='bbox 71 1151 201 1223; x_wconf 84' lang='lat' dir='ltr'>Tarpeio</span> <span class='ocrx_word' id='word_1_61' title='bbox 223 1150 347 1224; x_wconf 85' lang='lat' dir='ltr'>deiecit,</span> <span class='ocrx_word' id='word_1_62' title='bbox 369 1158 400 1210; x_wconf 91' lang='lat' dir='ltr'>et</span> <span class='ocrx_word' id='word_1_63' title='bbox 419 1167 486 1210; x_wconf 88' lang='lat' dir='ltr'>cum</span> <span class='ocrx_word' id='word_1_64' title='bbox 502 1152 638 1225; x_wconf 82' lang='lat' dir='ltr'>collegae</span> <span class='ocrx_word' id='word_1_65' title='bbox 660 1152 727 1211; x_wconf 91' lang='lat' dir='ltr'>eius</span> <span class='ocrx_word' id='word_1_66' title='bbox 751 1153 862 1227; x_wconf 89' lang='lat' dir='ltr'>quibus</span> <span class='ocrx_word' id='word_1_67' title='bbox 877 1152 959 1210; x_wconf 89' lang='lat' dir='ltr'>diem</span> 
     </span>
     <span class='ocr_line' id='line_1_10' title="bbox 10 1233 958 1310; baseline 0 -18"><span class='ocrx_word' id='word_1_68' title='bbox 10 1241 113 1305; x_wconf 86' lang='lat' dir='ltr'>xerat,</span> <span class='ocrx_word' id='word_1_69' title='bbox 136 1240 218 1292; x_wconf 90' lang='lat' dir='ltr'>metu</span> <span class='ocrx_word' id='word_1_70' title='bbox 240 1234 279 1291; x_wconf 88' lang='lat' dir='ltr'>ad</span> <span class='ocrx_word' id='word_1_71' title='bbox 295 1233 408 1293; x_wconf 91' lang='lat' dir='ltr'>Sullam</span> <span class='ocrx_word' id='word_1_72' title='bbox 430 1236 654 1309; x_wconf 82' lang='lat' dir='ltr'>profugissent,</span> <span class='ocrx_word' id='word_1_73' title='bbox 677 1252 759 1310; x_wconf 89' lang='lat' dir='ltr'>aqua</span> <span class='ocrx_word' id='word_1_74' title='bbox 781 1235 905 1309; x_wconf 82' lang='lat' dir='ltr'>ignique</span> <span class='ocrx_word' id='word_1_75' title='bbox 919 1233 958 1292; x_wconf 91' lang='lat' dir='ltr'>iis</span> 
     </span>
     <span class='ocr_line' id='line_1_11' title="bbox 10 1314 988 1392; baseline -0.001 -15"><span class='ocrx_word' id='word_1_76' title='bbox 10 1316 140 1378; x_wconf 78' lang='lat' dir='ltr'>erdixit.</span> <span class='ocrx_word' id='word_1_77' title='bbox 174 1318 248 1374; x_wconf 88' lang='lat' dir='ltr'>Tum</span> <span class='ocrx_word' id='word_1_78' title='bbox 262 1314 346 1376; x_wconf 90' lang='lat' dir='ltr'>Sulla</span> <span class='ocrx_word' id='word_1_79' title='bbox 361 1320 541 1392; x_wconf 88' lang='lat' dir='ltr'>compositis</span> <span class='ocrx_word' id='word_1_80' title='bbox 555 1319 767 1378; x_wconf 89' lang='lat' dir='ltr'>transmarinis</span> <span class='ocrx_word' id='word_1_81' title='bbox 782 1319 874 1377; x_wconf 88' lang='lat' dir='ltr'>rebus</span> <span class='ocrx_word' id='word_1_82' title='bbox 890 1323 988 1377; x_wconf 69' lang='lat' dir='ltr'>cuma</span> 
     </span>
    </p>

    <p class='ocr_par' dir='ltr' id='par_1_4' title="bbox 10 1400 990 2955">
     <span class='ocr_line' id='line_1_12' title="bbox 38 1400 960 1476; baseline -0.001 -18"><span class='ocrx_word' id='word_1_83' title='bbox 38 1400 256 1473; x_wconf 80' lang='lat' dir='ltr'>cumprimum</span> <span class='ocrx_word' id='word_1_84' title='bbox 282 1401 415 1461; x_wconf 90' lang='lat' dir='ltr'>omnium</span> <span class='ocrx_word' id='word_1_85' title='bbox 434 1403 643 1462; x_wconf 88' lang='lat' dir='ltr'>Romanorum</span> <span class='ocrx_word' id='word_1_86' title='bbox 669 1403 760 1476; x_wconf 87' lang='lat' dir='ltr'>legati</span> <span class='ocrx_word' id='word_1_87' title='bbox 778 1401 960 1460; x_wconf 88' lang='lat' dir='ltr'>Parthorum</span> 
     </span>
     <span class='ocr_line' id='line_1_13' title="bbox 12 1483 959 1559; baseline -0.002 -18"><span class='ocrx_word' id='word_1_88' title='bbox 12 1483 136 1542; x_wconf 91' lang='lat' dir='ltr'>nissent</span> <span class='ocrx_word' id='word_1_89' title='bbox 150 1490 180 1541; x_wconf 89' lang='lat' dir='ltr'>et</span> <span class='ocrx_word' id='word_1_90' title='bbox 193 1483 224 1543; x_wconf 89' lang='lat' dir='ltr'>in</span> <span class='ocrx_word' id='word_1_91' title='bbox 239 1483 276 1542; x_wconf 94' lang='lat' dir='ltr'>iis</span> <span class='ocrx_word' id='word_1_92' title='bbox 290 1484 415 1558; x_wconf 90' lang='lat' dir='ltr'>quidam</span> <span class='ocrx_word' id='word_1_93' title='bbox 431 1484 511 1559; x_wconf 92' lang='lat' dir='ltr'>magi</span> <span class='ocrx_word' id='word_1_94' title='bbox 525 1501 565 1542; x_wconf 91' lang='lat' dir='ltr'>ex</span> <span class='ocrx_word' id='word_1_95' title='bbox 579 1486 661 1544; x_wconf 88' lang='lat' dir='ltr'>notis</span> <span class='ocrx_word' id='word_1_96' title='bbox 673 1484 815 1558; x_wconf 89' lang='lat' dir='ltr'>corporis</span> <span class='ocrx_word' id='word_1_97' title='bbox 827 1499 959 1556; x_wconf 91' lang='lat' dir='ltr'>respon-</span> 
     </span>
     <span class='ocr_line' id='line_1_14' title="bbox 10 1567 959 1638; baseline -0.004 -13"><span class='ocrx_word' id='word_1_98' title='bbox 10 1573 97 1625; x_wconf 77' lang='lat' dir='ltr'>rsent</span> <span class='ocrx_word' id='word_1_99' title='bbox 109 1567 274 1625; x_wconf 88' lang='lat' dir='ltr'>coelestem</span> <span class='ocrx_word' id='word_1_100' title='bbox 286 1567 351 1625; x_wconf 87' lang='lat' dir='ltr'>eius</span> <span class='ocrx_word' id='word_1_101' title='bbox 362 1568 454 1630; x_wconf 92' lang='lat' dir='ltr'>vitam</span> <span class='ocrx_word' id='word_1_102' title='bbox 467 1575 497 1627; x_wconf 87' lang='lat' dir='ltr'>et</span> <span class='ocrx_word' id='word_1_103' title='bbox 512 1568 689 1626; x_wconf 89' lang='lat' dir='ltr'>memoriam</span> <span class='ocrx_word' id='word_1_104' title='bbox 707 1568 854 1638; x_wconf 86' lang='lat' dir='ltr'>futuram,</span> <span class='ocrx_word' id='word_1_105' title='bbox 872 1580 959 1622; x_wconf 89' lang='lat' dir='ltr'>reve-</span> 
     </span>
     <span class='ocr_line' id='line_1_15' title="bbox 10 1647 962 1722; baseline -0.002 -14"><span class='ocrx_word' id='word_1_106' title='bbox 10 1667 42 1708; x_wconf 88' lang='lat' dir='ltr'>rs</span> <span class='ocrx_word' id='word_1_107' title='bbox 61 1649 92 1705; x_wconf 88' lang='lat' dir='ltr'>in</span> <span class='ocrx_word' id='word_1_108' title='bbox 108 1649 223 1706; x_wconf 90' lang='lat' dir='ltr'>ltaliam</span> <span class='ocrx_word' id='word_1_109' title='bbox 236 1647 321 1707; x_wconf 89' lang='lat' dir='ltr'>haud</span> <span class='ocrx_word' id='word_1_110' title='bbox 336 1651 425 1721; x_wconf 88' lang='lat' dir='ltr'>plura</span> <span class='ocrx_word' id='word_1_111' title='bbox 440 1665 532 1722; x_wconf 87' lang='lat' dir='ltr'>quam</span> <span class='ocrx_word' id='word_1_112' title='bbox 544 1649 667 1722; x_wconf 86' lang='lat' dir='ltr'>triginta</span> <span class='ocrx_word' id='word_1_113' title='bbox 681 1656 865 1707; x_wconf 89' lang='lat' dir='ltr'>armatorum</span> <span class='ocrx_word' id='word_1_114' title='bbox 879 1648 962 1706; x_wconf 87' lang='lat' dir='ltr'>milia</span> 
     </span>
     <span class='ocr_line' id='line_1_16' title="bbox 12 1731 960 1806; baseline -0.002 -15"><span class='ocrx_word' id='word_1_115' title='bbox 12 1747 143 1791; x_wconf 89' lang='lat' dir='ltr'>versum</span> <span class='ocrx_word' id='word_1_116' title='bbox 158 1731 290 1790; x_wconf 87' lang='lat' dir='ltr'>ducenta</span> <span class='ocrx_word' id='word_1_117' title='bbox 304 1731 385 1790; x_wconf 90' lang='lat' dir='ltr'>milia</span> <span class='ocrx_word' id='word_1_118' title='bbox 405 1732 536 1806; x_wconf 81' lang='lat' dir='ltr'>amplius</span> <span class='ocrx_word' id='word_1_119' title='bbox 556 1731 689 1791; x_wconf 89' lang='lat' dir='ltr'>hostiurn</span> <span class='ocrx_word' id='word_1_120' title='bbox 704 1733 847 1805; x_wconf 85' lang='lat' dir='ltr'>exposuit</span> <span class='ocrx_word' id='word_1_121' title='bbox 861 1732 960 1791; x_wconf 92' lang='lat' dir='ltr'>Brun·</span> 
     </span>
     <span class='ocr_line' id='line_1_17' title="bbox 10 1813 989 1890; baseline -0.003 -14"><span class='ocrx_word' id='word_1_122' title='bbox 10 1816 56 1876; x_wconf 90' lang='lat' dir='ltr'>si.</span> <span class='ocrx_word' id='word_1_123' title='bbox 86 1813 148 1871; x_wconf 87' lang='lat' dir='ltr'>Vix</span> <span class='ocrx_word' id='word_1_124' title='bbox 169 1814 331 1888; x_wconf 89' lang='lat' dir='ltr'>quicquam</span> <span class='ocrx_word' id='word_1_125' title='bbox 347 1814 378 1872; x_wconf 92' lang='lat' dir='ltr'>in</span> <span class='ocrx_word' id='word_1_126' title='bbox 394 1813 498 1874; x_wconf 89' lang='lat' dir='ltr'>Sullae</span> <span class='ocrx_word' id='word_1_127' title='bbox 519 1817 665 1890; x_wconf 90' lang='lat' dir='ltr'>operibus</span> <span class='ocrx_word' id='word_1_128' title='bbox 683 1816 794 1874; x_wconf 90' lang='lat' dir='ltr'>clarius</span> <span class='ocrx_word' id='word_1_129' title='bbox 811 1813 989 1888; x_wconf 84' lang='lat' dir='ltr'>duxerim‚4</span> 
     </span>
     <span class='ocr_line' id='line_1_18' title="bbox 10 1896 961 1978; baseline -0.001 -21"><span class='ocrx_word' id='word_1_130' title='bbox 10 1914 70 1958; x_wconf 85' lang='lat' dir='ltr'>am</span> <span class='ocrx_word' id='word_1_131' title='bbox 95 1896 202 1978; x_wconf 76' lang='lat' dir='ltr'>quod,</span> <span class='ocrx_word' id='word_1_132' title='bbox 222 1913 290 1957; x_wconf 90' lang='lat' dir='ltr'>eum</span> <span class='ocrx_word' id='word_1_133' title='bbox 313 1914 369 1972; x_wconf 88' lang='lat' dir='ltr'>per</span> <span class='ocrx_word' id='word_1_134' title='bbox 389 1897 551 1958; x_wconf 90' lang='lat' dir='ltr'>triennium</span> <span class='ocrx_word' id='word_1_135' title='bbox 572 1899 727 1958; x_wconf 82' lang='lat' dir='ltr'>Cinnanae</span> <span class='ocrx_word' id='word_1_136' title='bbox 741 1899 961 1972; x_wconf 88' lang='lat' dir='ltr'>Marianaeque</span> 
     </span>
     <span class='ocr_line' id='line_1_19' title="bbox 10 1980 960 2056; baseline -0.002 -16"><span class='ocrx_word' id='word_1_137' title='bbox 10 1990 82 2040; x_wconf 70' lang='lat' dir='ltr'>,rtes</span> <span class='ocrx_word' id='word_1_138' title='bbox 95 1980 212 2040; x_wconf 90' lang='lat' dir='ltr'>ltaliam</span> <span class='ocrx_word' id='word_1_139' title='bbox 232 1981 422 2054; x_wconf 88' lang='lat' dir='ltr'>obsiderent,</span> <span class='ocrx_word' id='word_1_140' title='bbox 444 1998 546 2056; x_wconf 90' lang='lat' dir='ltr'>neque</span> <span class='ocrx_word' id='word_1_141' title='bbox 561 1983 724 2042; x_wconf 88' lang='lat' dir='ltr'>inlaturum</span> <span class='ocrx_word' id='word_1_142' title='bbox 746 1998 781 2040; x_wconf 91' lang='lat' dir='ltr'>se</span> <span class='ocrx_word' id='word_1_143' title='bbox 794 1981 908 2040; x_wconf 89' lang='lat' dir='ltr'>bellum</span> <span class='ocrx_word' id='word_1_144' title='bbox 922 1982 960 2040; x_wconf 90' lang='lat' dir='ltr'>iis</span> 
     </span>
     <span class='ocr_line' id='line_1_20' title="bbox 10 2063 961 2138; baseline -0.006 -13"><span class='ocrx_word' id='word_1_145' title='bbox 10 2063 194 2137; x_wconf 82' lang='lat' dir='ltr'>ssimulavit,</span> <span class='ocrx_word' id='word_1_146' title='bbox 216 2079 274 2122; x_wconf 88' lang='lat' dir='ltr'>nec</span> <span class='ocrx_word' id='word_1_147' title='bbox 290 2065 374 2138; x_wconf 91' lang='lat' dir='ltr'>quod</span> <span class='ocrx_word' id='word_1_148' title='bbox 388 2073 453 2124; x_wconf 91' lang='lat' dir='ltr'>erat</span> <span class='ocrx_word' id='word_1_149' title='bbox 467 2066 498 2122; x_wconf 90' lang='lat' dir='ltr'>in</span> <span class='ocrx_word' id='word_1_150' title='bbox 510 2064 651 2123; x_wconf 90' lang='lat' dir='ltr'>manibus</span> <span class='ocrx_word' id='word_1_151' title='bbox 667 2063 783 2134; x_wconf 91' lang='lat' dir='ltr'>omisit,</span> <span class='ocrx_word' id='word_1_152' title='bbox 807 2064 961 2120; x_wconf 88' lang='lat' dir='ltr'>existima-</span> 
     </span>
     <span class='ocr_line' id='line_1_21' title="bbox 10 2144 961 2224; baseline -0.007 -16"><span class='ocrx_word' id='word_1_153' title='bbox 10 2162 82 2224; x_wconf 87' lang='lat' dir='ltr'>.que</span> <span class='ocrx_word' id='word_1_154' title='bbox 96 2155 165 2207; x_wconf 89' lang='lat' dir='ltr'>ante</span> <span class='ocrx_word' id='word_1_155' title='bbox 178 2147 380 2219; x_wconf 87' lang='lat' dir='ltr'>frangendum</span> <span class='ocrx_word' id='word_1_156' title='bbox 391 2146 513 2205; x_wconf 86' lang='lat' dir='ltr'>lrostem</span> <span class='ocrx_word' id='word_1_157' title='bbox 527 2161 618 2218; x_wconf 90' lang='lat' dir='ltr'>quarn</span> <span class='ocrx_word' id='word_1_158' title='bbox 629 2144 841 2204; x_wconf 89' lang='lat' dir='ltr'>ulciscendum</span> <span class='ocrx_word' id='word_1_159' title='bbox 853 2145 961 2215; x_wconf 90' lang='lat' dir='ltr'>civem,</span> 
     </span>
     <span class='ocr_line' id='line_1_22' title="bbox 10 2222 961 2308; baseline -0.003 -19"><span class='ocrx_word' id='word_1_160' title='bbox 10 2232 169 2308; x_wconf 87' lang='lat' dir='ltr'>pulsoque</span> <span class='ocrx_word' id='word_1_161' title='bbox 184 2234 312 2287; x_wconf 89' lang='lat' dir='ltr'>externo</span> <span class='ocrx_word' id='word_1_162' title='bbox 328 2235 425 2299; x_wconf 87' lang='lat' dir='ltr'>metu,</span> <span class='ocrx_word' id='word_1_163' title='bbox 445 2227 498 2287; x_wconf 90' lang='lat' dir='ltr'>ubi</span> <span class='ocrx_word' id='word_1_164' title='bbox 516 2228 600 2301; x_wconf 89' lang='lat' dir='ltr'>quod</span> <span class='ocrx_word' id='word_1_165' title='bbox 621 2222 754 2288; x_wconf 83' lang='lat' dir='ltr'>alienum</span> <span class='ocrx_word' id='word_1_166' title='bbox 769 2233 854 2286; x_wconf 88' lang='lat' dir='ltr'>esset</span> <span class='ocrx_word' id='word_1_167' title='bbox 870 2226 961 2286; x_wconf 87' lang='lat' dir='ltr'>vicis-</span> 
     </span>
     <span class='ocr_line' id='line_1_23' title="bbox 10 2309 990 2386; baseline -0.005 -16"><span class='ocrx_word' id='word_1_168' title='bbox 10 2326 37 2386; x_wconf 83' lang='lat' dir='ltr'>t,</span> <span class='ocrx_word' id='word_1_169' title='bbox 58 2317 222 2383; x_wconf 88' lang='lat' dir='ltr'>superaret</span> <span class='ocrx_word' id='word_1_170' title='bbox 236 2311 321 2384; x_wconf 91' lang='lat' dir='ltr'>quod</span> <span class='ocrx_word' id='word_1_171' title='bbox 335 2319 400 2370; x_wconf 89' lang='lat' dir='ltr'>erat</span> <span class='ocrx_word' id='word_1_172' title='bbox 415 2312 625 2372; x_wconf 90' lang='lat' dir='ltr'>domesticum.</span> <span class='ocrx_word' id='word_1_173' title='bbox 653 2312 734 2370; x_wconf 91' lang='lat' dir='ltr'>Ante</span> <span class='ocrx_word' id='word_1_174' title='bbox 749 2311 915 2370; x_wconf 88' lang='lat' dir='ltr'>adventum</span> <span class='ocrx_word' id='word_1_175' title='bbox 928 2309 990 2366; x_wconf 85' lang='lat' dir='ltr'>L.5</span> 
     </span>
     <span class='ocr_line' id='line_1_24' title="bbox 10 2392 963 2469; baseline -0.004 -13"><span class='ocrx_word' id='word_1_176' title='bbox 10 2398 86 2457; x_wconf 80' lang='lat' dir='ltr'>illae</span> <span class='ocrx_word' id='word_1_177' title='bbox 102 2392 196 2453; x_wconf 82' lang='lat' dir='ltr'>Cinna</span> <span class='ocrx_word' id='word_1_178' title='bbox 216 2393 368 2453; x_wconf 89' lang='lat' dir='ltr'>seditione</span> <span class='ocrx_word' id='word_1_179' title='bbox 390 2402 457 2455; x_wconf 91' lang='lat' dir='ltr'>orta</span> <span class='ocrx_word' id='word_1_180' title='bbox 471 2396 509 2454; x_wconf 91' lang='lat' dir='ltr'>ab</span> <span class='ocrx_word' id='word_1_181' title='bbox 526 2395 663 2455; x_wconf 85' lang='lat' dir='ltr'>exercitu</span> <span class='ocrx_word' id='word_1_182' title='bbox 677 2396 893 2469; x_wconf 89' lang='lat' dir='ltr'>interemptus,</span> <span class='ocrx_word' id='word_1_183' title='bbox 917 2394 963 2452; x_wconf 87' lang='lat' dir='ltr'>vir</span> 
     </span>
     <span class='ocr_line' id='line_1_25' title="bbox 10 2475 963 2554; baseline 0 -18"><span class='ocrx_word' id='word_1_184' title='bbox 10 2478 104 2554; x_wconf 74' lang='lat' dir='ltr'>gnior</span> <span class='ocrx_word' id='word_1_185' title='bbox 124 2475 178 2551; x_wconf 91' lang='lat' dir='ltr'>qui</span> <span class='ocrx_word' id='word_1_186' title='bbox 200 2476 322 2538; x_wconf 90' lang='lat' dir='ltr'>arbitrio</span> <span class='ocrx_word' id='word_1_187' title='bbox 338 2479 487 2536; x_wconf 87' lang='lat' dir='ltr'>victorum</span> <span class='ocrx_word' id='word_1_188' title='bbox 506 2486 676 2538; x_wconf 89' lang='lat' dir='ltr'>moreretur</span> <span class='ocrx_word' id='word_1_189' title='bbox 691 2495 782 2551; x_wconf 88' lang='lat' dir='ltr'>quam</span> <span class='ocrx_word' id='word_1_190' title='bbox 802 2478 963 2538; x_wconf 86' lang='lat' dir='ltr'>iracundia</span> 
     </span>
     <span class='ocr_line' id='line_1_26' title="bbox 12 2559 960 2635; baseline -0.001 -14"><span class='ocrx_word' id='word_1_191' title='bbox 12 2565 121 2630; x_wconf 88' lang='lat' dir='ltr'>litum;</span> <span class='ocrx_word' id='word_1_192' title='bbox 139 2559 179 2618; x_wconf 90' lang='lat' dir='ltr'>de</span> <span class='ocrx_word' id='word_1_193' title='bbox 195 2575 256 2633; x_wconf 94' lang='lat' dir='ltr'>quo</span> <span class='ocrx_word' id='word_1_194' title='bbox 272 2561 419 2619; x_wconf 92' lang='lat' dir='ltr'>veredici</span> <span class='ocrx_word' id='word_1_195' title='bbox 434 2567 551 2634; x_wconf 86' lang='lat' dir='ltr'>potest,</span> <span class='ocrx_word' id='word_1_196' title='bbox 572 2576 680 2620; x_wconf 89' lang='lat' dir='ltr'>ausum</span> <span class='ocrx_word' id='word_1_197' title='bbox 697 2577 766 2618; x_wconf 88' lang='lat' dir='ltr'>eum</span> <span class='ocrx_word' id='word_1_198' title='bbox 778 2577 858 2635; x_wconf 88' lang='lat' dir='ltr'>quae</span> <span class='ocrx_word' id='word_1_199' title='bbox 870 2576 960 2620; x_wconf 92' lang='lat' dir='ltr'>nemo</span> 
     </span>
     <span class='ocr_line' id='line_1_27' title="bbox 12 2642 960 2718; baseline -0.002 -13"><span class='ocrx_word' id='word_1_200' title='bbox 12 2646 107 2705; x_wconf 88' lang='lat' dir='ltr'>deret</span> <span class='ocrx_word' id='word_1_201' title='bbox 126 2642 241 2716; x_wconf 91' lang='lat' dir='ltr'>bonus,</span> <span class='ocrx_word' id='word_1_202' title='bbox 267 2642 438 2718; x_wconf 83' lang='lat' dir='ltr'>perfecisse</span> <span class='ocrx_word' id='word_1_203' title='bbox 459 2660 538 2718; x_wconf 90' lang='lat' dir='ltr'>quae</span> <span class='ocrx_word' id='word_1_204' title='bbox 559 2659 578 2702; x_wconf 90' lang='lat' dir='ltr'>a</span> <span class='ocrx_word' id='word_1_205' title='bbox 598 2645 681 2703; x_wconf 91' lang='lat' dir='ltr'>nullo</span> <span class='ocrx_word' id='word_1_206' title='bbox 708 2644 767 2702; x_wconf 93' lang='lat' dir='ltr'>nisi</span> <span class='ocrx_word' id='word_1_207' title='bbox 792 2644 960 2703; x_wconf 90' lang='lat' dir='ltr'>fortissimo</span> 
     </span>
     <span class='ocr_line' id='line_1_28' title="bbox 10 2726 961 2801; baseline 0.002 -18"><span class='ocrx_word' id='word_1_208' title='bbox 10 2729 85 2788; x_wconf 83' lang='lat' dir='ltr'>rfici</span> <span class='ocrx_word' id='word_1_209' title='bbox 101 2733 247 2801; x_wconf 89' lang='lat' dir='ltr'>possent,</span> <span class='ocrx_word' id='word_1_210' title='bbox 263 2732 293 2785; x_wconf 89' lang='lat' dir='ltr'>et</span> <span class='ocrx_word' id='word_1_211' title='bbox 304 2726 401 2787; x_wconf 92' lang='lat' dir='ltr'>fuisse</span> <span class='ocrx_word' id='word_1_212' title='bbox 416 2743 486 2787; x_wconf 89' lang='lat' dir='ltr'>eum</span> <span class='ocrx_word' id='word_1_213' title='bbox 499 2729 529 2787; x_wconf 92' lang='lat' dir='ltr'>in</span> <span class='ocrx_word' id='word_1_214' title='bbox 541 2727 745 2787; x_wconf 88' lang='lat' dir='ltr'>consultando</span> <span class='ocrx_word' id='word_1_215' title='bbox 757 2728 961 2801; x_wconf 89' lang='lat' dir='ltr'>temerarium,</span> 
     </span>
     <span class='ocr_line' id='line_1_29' title="bbox 19 2809 961 2887; baseline -0.001 -17"><span class='ocrx_word' id='word_1_216' title='bbox 19 2809 209 2883; x_wconf 87' lang='lat' dir='ltr'>exequendo</span> <span class='ocrx_word' id='word_1_217' title='bbox 224 2810 334 2878; x_wconf 75' lang='lat' dir='ltr'>uirum.</span> <span class='ocrx_word' id='word_1_218' title='bbox 363 2811 460 2870; x_wconf 83' lang='lat' dir='ltr'>Carbo</span> <span class='ocrx_word' id='word_1_219' title='bbox 483 2814 565 2872; x_wconf 93' lang='lat' dir='ltr'>nullo</span> <span class='ocrx_word' id='word_1_220' title='bbox 582 2810 714 2871; x_wconf 86' lang='lat' dir='ltr'>suffecto</span> <span class='ocrx_word' id='word_1_221' title='bbox 734 2813 854 2887; x_wconf 87' lang='lat' dir='ltr'>collega</span> <span class='ocrx_word' id='word_1_222' title='bbox 874 2811 961 2870; x_wconf 90' lang='lat' dir='ltr'>solus</span> 
     </span>
     <span class='ocr_line' id='line_1_30' title="bbox 10 2892 343 2955; baseline -0.003 0"><span class='ocrx_word' id='word_1_223' title='bbox 10 2903 39 2955; x_wconf 89' lang='lat' dir='ltr'>lo</span> <span class='ocrx_word' id='word_1_224' title='bbox 57 2910 138 2952; x_wconf 94' lang='lat' dir='ltr'>anno</span> <span class='ocrx_word' id='word_1_225' title='bbox 155 2893 264 2952; x_wconf 86' lang='lat' dir='ltr'>consul</span> <span class='ocrx_word' id='word_1_226' title='bbox 279 2892 343 2955; x_wconf 85' lang='lat' dir='ltr'>fuit.</span> 
     </span>
    </p>

    <p class='ocr_par' dir='ltr' id='par_1_5' title="bbox 10 2975 1076 3722">
     <span class='ocr_line' id='line_1_31' title="bbox 61 2975 992 3039; baseline -0.001 -4"><span class='ocrx_word' id='word_1_227' title='bbox 61 2977 156 3036; x_wconf 87' lang='lat' dir='ltr'>XXV.</span> <span class='ocrx_word' id='word_1_228' title='bbox 198 2975 325 3036; x_wconf 90' lang='lat' dir='ltr'>Putares</span> <span class='ocrx_word' id='word_1_229' title='bbox 347 2975 461 3037; x_wconf 87' lang='lat' dir='ltr'>Sullam</span> <span class='ocrx_word' id='word_1_230' title='bbox 480 2979 605 3039; x_wconf 90' lang='lat' dir='ltr'>venisse</span> <span class='ocrx_word' id='word_1_231' title='bbox 624 2977 656 3038; x_wconf 88' lang='lat' dir='ltr'>in</span> <span class='ocrx_word' id='word_1_232' title='bbox 671 2979 787 3039; x_wconf 89' lang='lat' dir='ltr'>Italiam</span> <span class='ocrx_word' id='word_1_233' title='bbox 808 2995 869 3037; x_wconf 95' lang='lat' dir='ltr'>non</span> <span class='ocrx_word' id='word_1_234' title='bbox 891 2975 992 3036; x_wconf 90' lang='lat' dir='ltr'>bellil</span> 
     </span>
     <span class='ocr_line' id='line_1_32' title="bbox 10 3059 965 3136; baseline -0.008 -15"><span class='ocrx_word' id='word_1_235' title='bbox 10 3061 145 3133; x_wconf 88' lang='lat' dir='ltr'>adicem,</span> <span class='ocrx_word' id='word_1_236' title='bbox 159 3060 216 3119; x_wconf 88' lang='lat' dir='ltr'>sed</span> <span class='ocrx_word' id='word_1_237' title='bbox 227 3061 313 3135; x_wconf 87' lang='lat' dir='ltr'>pacis</span> <span class='ocrx_word' id='word_1_238' title='bbox 327 3069 498 3121; x_wconf 84' lang='lat' dir='ltr'>auctorem:</span> <span class='ocrx_word' id='word_1_239' title='bbox 509 3069 669 3122; x_wconf 85' lang='lat' dir='ltr'>tantacum</span> <span class='ocrx_word' id='word_1_240' title='bbox 683 3064 785 3136; x_wconf 88' lang='lat' dir='ltr'>quiete</span> <span class='ocrx_word' id='word_1_241' title='bbox 797 3059 965 3119; x_wconf 88' lang='lat' dir='ltr'>exercitum</span> 
     </span>
     <span class='ocr_line' id='line_1_33' title="bbox 10 3142 963 3219; baseline -0.003 -17"><span class='ocrx_word' id='word_1_242' title='bbox 10 3161 35 3203; x_wconf 80' lang='lat' dir='ltr'>rr</span> <span class='ocrx_word' id='word_1_243' title='bbox 57 3142 227 3203; x_wconf 79' lang='lat' dir='ltr'>Calabriam</span> <span class='ocrx_word' id='word_1_244' title='bbox 248 3143 454 3219; x_wconf 87' lang='lat' dir='ltr'>Apuliamque</span> <span class='ocrx_word' id='word_1_245' title='bbox 477 3161 547 3204; x_wconf 93' lang='lat' dir='ltr'>cum</span> <span class='ocrx_word' id='word_1_246' title='bbox 568 3144 717 3217; x_wconf 86' lang='lat' dir='ltr'>singulari</span> <span class='ocrx_word' id='word_1_247' title='bbox 738 3159 812 3201; x_wconf 87' lang='lat' dir='ltr'>cura</span> <span class='ocrx_word' id='word_1_248' title='bbox 832 3142 963 3214; x_wconf 85' lang='lat' dir='ltr'>frugum,</span> 
     </span>
     <span class='ocr_line' id='line_1_34' title="bbox 10 3224 963 3300; baseline -0.004 -14"><span class='ocrx_word' id='word_1_249' title='bbox 10 3243 145 3299; x_wconf 67' lang='lat' dir='ltr'>aarum,</span> <span class='ocrx_word' id='word_1_250' title='bbox 155 3227 327 3298; x_wconf 90' lang='lat' dir='ltr'>hominum,</span> <span class='ocrx_word' id='word_1_251' title='bbox 347 3227 468 3287; x_wconf 90' lang='lat' dir='ltr'>urbium</span> <span class='ocrx_word' id='word_1_252' title='bbox 482 3228 628 3300; x_wconf 90' lang='lat' dir='ltr'>perduxit</span> <span class='ocrx_word' id='word_1_253' title='bbox 641 3225 672 3283; x_wconf 94' lang='lat' dir='ltr'>in</span> <span class='ocrx_word' id='word_1_254' title='bbox 688 3224 883 3298; x_wconf 83' lang='lat' dir='ltr'>Campaniam</span> <span class='ocrx_word' id='word_1_255' title='bbox 897 3229 963 3282; x_wconf 88' lang='lat' dir='ltr'>ten-</span> 
     </span>
     <span class='ocr_line' id='line_1_35' title="bbox 10 3308 963 3385; baseline -0.005 -14"><span class='ocrx_word' id='word_1_256' title='bbox 10 3312 117 3385; x_wconf 86' lang='lat' dir='ltr'>vitque</span> <span class='ocrx_word' id='word_1_257' title='bbox 130 3310 219 3370; x_wconf 89' lang='lat' dir='ltr'>iustis</span> <span class='ocrx_word' id='word_1_258' title='bbox 234 3310 354 3384; x_wconf 88' lang='lat' dir='ltr'>legibus</span> <span class='ocrx_word' id='word_1_259' title='bbox 366 3316 395 3369; x_wconf 90' lang='lat' dir='ltr'>et</span> <span class='ocrx_word' id='word_1_260' title='bbox 402 3309 510 3384; x_wconf 90' lang='lat' dir='ltr'>aequis</span> <span class='ocrx_word' id='word_1_261' title='bbox 518 3308 751 3370; x_wconf 90' lang='lat' dir='ltr'>condicionibus</span> <span class='ocrx_word' id='word_1_262' title='bbox 760 3308 873 3367; x_wconf 89' lang='lat' dir='ltr'>bellurn</span> <span class='ocrx_word' id='word_1_263' title='bbox 881 3322 963 3367; x_wconf 88' lang='lat' dir='ltr'>com-</span> 
     </span>
     <span class='ocr_line' id='line_1_36' title="bbox 10 3390 1076 3468; baseline -0.001 -12"><span class='ocrx_word' id='word_1_264' title='bbox 10 3410 116 3462; x_wconf 80' lang='lat' dir='ltr'>tnere3</span> <span class='ocrx_word' id='word_1_265' title='bbox 138 3394 195 3453; x_wconf 90' lang='lat' dir='ltr'>sed</span> <span class='ocrx_word' id='word_1_266' title='bbox 210 3394 247 3453; x_wconf 92' lang='lat' dir='ltr'>iis</span> <span class='ocrx_word' id='word_1_267' title='bbox 265 3393 375 3468; x_wconf 87' lang='lat' dir='ltr'>quibus</span> <span class='ocrx_word' id='word_1_268' title='bbox 391 3400 422 3453; x_wconf 92' lang='lat' dir='ltr'>et</span> <span class='ocrx_word' id='word_1_269' title='bbox 436 3392 574 3468; x_wconf 91' lang='lat' dir='ltr'>pessima</span> <span class='ocrx_word' id='word_1_270' title='bbox 587 3401 617 3454; x_wconf 86' lang='lat' dir='ltr'>et</span> <span class='ocrx_word' id='word_1_271' title='bbox 631 3391 795 3454; x_wconf 90' lang='lat' dir='ltr'>immodica</span> <span class='ocrx_word' id='word_1_272' title='bbox 810 3390 963 3467; x_wconf 87' lang='lat' dir='ltr'>cupiditas</span> <span class='ocrx_word' id='word_1_273' title='bbox 1073 3450 1076 3455; x_wconf 86' lang='lat'>.</span> 
     </span>
     <span class='ocr_line' id='line_1_37' title="bbox 10 3476 991 3552; baseline -0.007 -13"><span class='ocrx_word' id='word_1_274' title='bbox 10 3486 60 3550; x_wconf 88' lang='lat' dir='ltr'>at,</span> <span class='ocrx_word' id='word_1_275' title='bbox 77 3494 142 3536; x_wconf 93' lang='lat' dir='ltr'>non</span> <span class='ocrx_word' id='word_1_276' title='bbox 159 3484 279 3551; x_wconf 79' lang='lat' dir='ltr'>poterat</span> <span class='ocrx_word' id='word_1_277' title='bbox 295 3494 356 3552; x_wconf 90' lang='lat' dir='ltr'>pax</span> <span class='ocrx_word' id='word_1_278' title='bbox 371 3479 505 3552; x_wconf 77' lang='lat' dir='ltr'>placere,</span> <span class='ocrx_word' id='word_1_279' title='bbox 534 3476 699 3537; x_wconf 88' lang='lat' dir='ltr'>Crescebat</span> <span class='ocrx_word' id='word_1_280' title='bbox 716 3476 834 3536; x_wconf 91' lang='lat' dir='ltr'>interim</span> <span class='ocrx_word' id='word_1_281' title='bbox 848 3477 878 3535; x_wconf 95' lang='lat' dir='ltr'>in</span> <span class='ocrx_word' id='word_1_282' title='bbox 896 3476 991 3534; x_wconf 78' lang='lat' dir='ltr'>dies2</span> 
     </span>
     <span class='ocr_line' id='line_1_38' title="bbox 10 3560 964 3635; baseline -0.007 -13"><span class='ocrx_word' id='word_1_283' title='bbox 10 3565 85 3623; x_wconf 91' lang='lat' dir='ltr'>rllae</span> <span class='ocrx_word' id='word_1_284' title='bbox 102 3561 254 3621; x_wconf 86' lang='lat' dir='ltr'>exercitus</span> <span class='ocrx_word' id='word_1_285' title='bbox 271 3560 497 3621; x_wconf 87' lang='lat' dir='ltr'>confluentibus</span> <span class='ocrx_word' id='word_1_286' title='bbox 513 3562 553 3621; x_wconf 91' lang='lat' dir='ltr'>ad</span> <span class='ocrx_word' id='word_1_287' title='bbox 569 3578 640 3622; x_wconf 89' lang='lat' dir='ltr'>eum</span> <span class='ocrx_word' id='word_1_288' title='bbox 661 3561 775 3635; x_wconf 91' lang='lat' dir='ltr'>optimo</span> <span class='ocrx_word' id='word_1_289' title='bbox 792 3575 918 3635; x_wconf 89' lang='lat' dir='ltr'>quoque</span> <span class='ocrx_word' id='word_1_290' title='bbox 934 3565 964 3615; x_wconf 87' lang='lat' dir='ltr'>et</span> 
     </span>
     <span class='ocr_line' id='line_1_39' title="bbox 11 3642 965 3722; baseline -0.012 -16"><span class='ocrx_word' id='word_1_291' title='bbox 11 3646 159 3708; x_wconf 89' lang='lat' dir='ltr'>nissimo.</span> <span class='ocrx_word' id='word_1_292' title='bbox 186 3643 280 3704; x_wconf 85' lang='lat' dir='ltr'>Felici</span> <span class='ocrx_word' id='word_1_293' title='bbox 295 3645 407 3705; x_wconf 86' lang='lat' dir='ltr'>deinde</span> <span class='ocrx_word' id='word_1_294' title='bbox 423 3645 503 3704; x_wconf 91' lang='lat' dir='ltr'>circa</span> <span class='ocrx_word' id='word_1_295' title='bbox 511 3645 646 3722; x_wconf 83' lang='lat' dir='ltr'>Capuam</span> <span class='ocrx_word' id='word_1_296' title='bbox 661 3653 772 3705; x_wconf 86' lang='lat' dir='ltr'>eventu</span> <span class='ocrx_word' id='word_1_297' title='bbox 785 3642 965 3717; x_wconf 85' lang='lat' dir='ltr'>Scipionem</span> 
     </span>
    </p>
   </div>
   <div class='ocr_carea' id='block_1_4' title="bbox 0 0 1181 4222">
    <p class='ocr_par' dir='ltr' id='par_1_6' title="bbox 0 0 1181 4222">
     <span class='ocr_line' id='line_1_40' title="bbox 0 0 1181 4222; baseline 0 0"><span class='ocrx_word' id='word_1_298' title='bbox 0 0 1181 4222; x_wconf 95' lang='lat' dir='ltr'> </span> 
     </span>
    </p>
   </div>
  </div>
 </body>
</html>
