2348 4222
100 390 119 425 x
365 399 462 449 unic.
480 398 613 447 uersu
630 397 858 447 susurrare.

159 532 249 593 324.
272 533 465 595 praedonesque
507 545 586 593 nepe
608 536 706 578 antea
727 532 808 578 multis
829 531 901 585 loeis,
926 528 965 576 vel
983 534 1082 579 antea
1097 544 1128 579 aa

91 606 172 651 multis
183 604 252 649 locis.
275 600 309 648 M.

159 665 246 725 33,1.
266 667 390 728 pecuniae
405 664 588 726 polluebatur
599 664 723 726 cupidine.
747 662 776 710 B.

159 729 297 791 37,1-4.
322 731 378 779 Non
394 731 467 779 ereda
489 731 592 778 dubium
610 746 665 778 esse
683 732 743 791 quin
760 737 839 777 totum
855 727 903 777 hoc
919 736 993 793 eaput
1009 728 1064 777 loeo
1082 741 1140 785 suc·

91 806 186 849 motum
198 800 230 848 sit
243 806 266 846 et
278 797 429 845 reiciendum
441 804 499 860 post
511 810 564 860 cap.
578 795 623 853 39;
642 797 715 844 nimis
733 796 798 843 enim
814 795 950 844 absurdum
961 802 999 843 est
1010 794 1036 842 id
1048 790 1149 849 nivei-›i-

92 868 143 915 lere
154 881 169 914 a
180 881 233 929 cap.
246 863 287 913 40.
302 864 371 912 etita
383 864 509 912 divulsum
525 864 683 926 interponere
693 863 757 910 inter
769 863 819 909 duo
835 862 959 925 episoma,
984 876 1048 923 quae
1065 855 1149 909 intruis

92 949 121 981 se
133 933 265 980 coniuncta
275 930 355 978 fuisse
372 944 422 977 nnn
438 931 521 978 minus
538 938 731 977 consentaneum
747 938 784 976 est
796 943 869 990 quam
882 942 946 989 qnae
957 926 1075 990 legantur
1086 926 1121 975 lib

92 1000 112 1057 Ι,
126 1013 147 1045 c.
156 995 262 1045 14-18.
286 998 324 1044 Ac
336 997 357 1044 si
369 997 425 1058 quis
438 995 646 1058 quemadmodum
657 995 761 1043 alterum
772 994 846 1049 illud,
863 994 932 1055 quod
943 1002 981 1042 est
992 994 1024 1042 de
1035 994 1117 1043 littera

92 1080 148 1111 rum
160 1065 232 1122 llere,
251 1063 364 1125 inprimis
377 1063 492 1110 convenit
506 1062 630 1111 Ciceronis
642 1062 749 1117 nomini,
767 1061 801 1108 ita
817 1060 922 1108 alterurn
933 1058 993 1118 hcc,
1012 1059 1131 1121 quotiesc

93 1131 125 1179 de
141 1130 287 1193 provinciis,
306 1143 385 1190 aeque
401 1136 468 1175 recte
485 1134 509 1175 et
527 1127 655 1175 commode
671 1133 763 1175 statuat
774 1127 885 1190 Pompeii
901 1127 976 1174 rebus
992 1126 1019 1174 in
1036 1126 1131 1175 oriente

92 1198 171 1260 gestis
189 1196 318 1257 subiungi,
344 1202 409 1242 certe
424 1193 452 1242 id
467 1192 521 1241 fieri
537 1194 621 1243 debuit
637 1208 688 1242 non
704 1195 768 1241 inter
785 1207 839 1257 cap.
857 1191 889 1243 37
905 1191 986 1250 etto,
1011 1192 1057 1241 scd
1073 1201 1131 1256 past

94 1279 115 1310 c.
128 1261 169 1311 40.
188 1276 235 1310 nec
250 1274 309 1308 vero
326 1261 456 1324 praecipiti
467 1260 556 1308 Velleii
571 1259 730 1308 festinatione
746 1261 814 1308 abuti
826 1259 883 1307 licet
894 1259 926 1307 ad
938 1259 997 1306 vitia
1008 1258 1132 1307 eiusmodi

94 1328 249 1379 excusanda.
264 1341 328 1389 quae
339 1327 379 1374 vel
392 1328 499 1375 maxime
511 1327 670 1375 festinantem
681 1326 768 1389 fugere
779 1340 830 1373 nen
842 1332 985 1389 potuerunt.
998 1326 1028 1374 H.

161 1391 207 1452 38,
221 1390 248 1447 2.
275 1394 398 1451 Claudius,
411 1395 468 1442 sed
474 1396 637 1455 prouinciam
649 1401 677 1440 ut
688 1395 736 1441 sed
745 1407 790 1457 pro
802 1393 871 1455 vulg.
885 1397 911 1440 et
921 1392 1050 1450 scribatur,
1064 1390 1133 1454 qued

92 1458 352 1517 voluisseVelleium,
366 1460 604 1521 sequentiadocent.
629 1460 662 1507 M.
1147 1510 1152 1519 ,

160 1523 246 1584 39,1.
269 1526 398 1587 infractae
422 1528 556 1590 denique
578 1528 644 1574 idem
665 1527 733 1589 quod
748 1531 814 1575 totus
830 1530 956 1573 terrarum
978 1524 1050 1573 orbis
1070 1524 1136 1573 sibi

93 1608 197 1642 norum
209 1593 341 1655 conferunt
351 1595 509 1654 stipendium.
532 1592 565 1641 Μ.
590 1593 717 1653 infractae
730 1608 765 1640 ac
772 1597 913 1654 pacatae
925 1592 991 1639 idem
1002 1591 1071 1655 quod
1080 1595 1100 1638 t.
1112 1596 1133 1637 t.

94 1675 117 1708 o.
130 1665 140 1707 i
145 1676 161 1707 n
173 1675 301 1722 aequum
312 1659 446 1720 conferunt
457 1660 613 1721 stipendium.
638 1659 668 1706 H.

160 1723 211 1782 40,
225 1723 251 1780 3.
275 1731 402 1772 uenturum
412 1727 439 1772 in
449 1725 534 1772 urbem
546 1727 727 1786 adfirmarent.
745 1725 778 1773 M.

161 1789 211 1849 40,
225 1787 253 1843 4.
275 1791 329 1853 Ego
347 1791 458 1838 diversas
475 1790 599 1838 Velleium
616 1804 718 1838 coronas
742 1790 853 1854 intellegi
876 1790 940 1839 velle
962 1796 1031 1839 ratus
1054 1790 1135 1839 semel

93 1858 216 1915 lauream,
230 1857 307 1904 semel
320 1869 419 1904 auream
432 1857 533 1920 scripsi;
556 1855 720 1920 Borghesium
731 1858 758 1904 in
769 1857 886 1907 Deeadib.
898 1855 928 1916 9,
941 1854 970 1916 8,
984 1872 1010 1921 p.
1023 1854 1066 1905 41.
1092 1872 1137 1905 aa·

93 1940 164 1971 ream
174 1931 241 1971 recte
253 1924 327 1971 scribi
338 1923 455 1971 decuisse
466 1929 551 1970 monet
562 1923 595 1971 M.

160 1987 204 2045 41,
218 1985 246 2043 2,
271 1995 297 2037 et
309 1991 376 2053 quod
386 1993 587 2038 monumentis
599 1992 785 2053 antiquissimis
796 1990 935 2039 constabat.
947 1988 977 2037 B.
993 1988 1063 2052 quod
1073 1986 1137 2037 mihi

95 2055 260 2104 certissimum
271 2055 378 2103 videtur.

160 2118 212 2179 42,
227 2118 254 2176 2.
278 2121 354 2170 Etsi
364 2128 460 2185 lonpum
471 2127 510 2170 est
521 2137 638 2180 narrare,
651 2123 712 2186 quid
723 2128 749 2171 et
760 2124 874 2186 quotiens
886 2138 961 2171 aursus
972 2126 1018 2181 sit,
1032 2126 1139 2170 tamen

94 2194 249 2252 quantopere
266 2194 359 2236 conata
375 2192 428 2236 eius
440 2191 482 2252 qui
497 2189 626 2237 obtinebat
641 2190 730 2238 Asiam
746 2194 906 2252 mapistratus
916 2206 943 2252 p.
956 2189 989 2238 R.
1005 2193 1074 2237 motu
1090 2204 1137 2237 suo

94 2257 247 2310 destituerit,
260 2255 403 2315 referatur,
420 2256 589 2303 documentum
600 2260 666 2303 tanti
675 2271 735 2304 moa
747 2259 848 2304 evasuri
857 2258 913 2304 oiri.
936 2256 971 2305 M.

160 2316 213 2377 42,
228 2317 253 2374 3.
277 2323 396 2381 perrexit
413 2323 448 2367 ad
461 2325 635 2381 proconsulem
651 2321 763 2370 Iuneum
776 2322 852 2384 (idem
863 2324 927 2370 enim
939 2323 1029 2371 Asiam
1040 2320 1138 2371 obtine·

94 2384 157 2449 bat).
182 2385 324 2449 Nipperdey
335 2387 361 2432 in
373 2384 461 2433 Philol.
475 2386 518 2435 VI.
534 2384 605 2435 1851.
618 2402 676 2450 pag.
690 2386 746 2437 377.
764 2390 868 2438 testibus
881 2404 943 2437 usus
956 2388 988 2437 de
998 2389 1071 2437 Iunci
1089 2402 1137 2437 nc·

94 2454 160 2499 rninc
172 2450 304 2499 Plutarcho
318 2451 389 2500 Caec.
404 2466 424 2499 c.
438 2451 463 2499 2.
482 2460 505 2500 et
523 2452 601 2502 Gellio
613 2454 643 2511 V,
660 2453 699 2503 13.
726 2455 816 2504 Contra
832 2454 984 2517 Borghesius
1001 2468 1061 2503 eum
1080 2469 1140 2503 esse

93 2519 122 2566 L.
136 2519 236 2566 Iunium
253 2517 365 2566 Silanum
382 2525 501 2567 statuerat
518 2534 550 2566 ex
565 2520 629 2567 Plin.
647 2520 677 2567 N.
695 2520 918 2581 n.11,35§100.
943 2521 983 2570 cui
1000 2522 1140 2570 assentitur

93 2585 197 2632 Henzen
208 2585 234 2631 in
247 2585 336 2633 Inserr.
350 2585 391 2632 lat.
406 2585 501 2633 collect.
515 2586 588 2635 Orell.
601 2584 701 2648 velilll.
715 2602 773 2651 pag.
781 2588 821 2637 55.
841 2588 874 2636 ad
883 2590 960 2637 inser.
972 2586 1049 2638 5354.
1073 2588 1138 2635 Am·

94 2652 168 2712 bigne
184 2651 276 2698 iudicat
288 2651 315 2699 0.
330 2650 519 2700 schoenemann
532 2651 564 2699 de
575 2652 690 2715 Bithynia
703 2663 726 2702 ei
737 2655 817 2703 Panic
834 2669 905 2718 prov.
923 2655 996 2703 Rom.
1011 2654 1138 2717 (Gotting.

96 2713 182 2777 1855.)
195 2731 253 2779 pag.
267 2715 306 2764 12.
335 2717 386 2765 Sed
397 2725 464 2765 recte
475 2719 654 2767 Mommsenius
666 2720 742 2768 ullam
755 2728 828 2784 negat
841 2734 940 2770 censam
953 2736 1025 2780 esse,
1039 2736 1084 2770 cin·
1095 2722 1140 2783 qui

94 2790 133 2830 est
144 2783 212 2844 apud
222 2783 330 2830 Plinium
342 2795 364 2828 a.
378 2783 407 2831 U.
420 2781 478 2831 678.
503 2786 637 2846 proconsul
653 2786 682 2834 L.
696 2788 781 2836 Iunius
794 2787 907 2845 Silenus,
926 2787 995 2841 idem
1014 2803 1073 2837 esse
1085 2802 1138 2836 cre-

94 2850 167 2897 datur
179 2855 253 2909 atque
265 2848 299 2905 is,
314 2847 345 2895 dc
358 2863 407 2909 quo
419 2848 530 2897 Velleius
542 2852 605 2912 agit,
620 2852 688 2915 apud
699 2869 774 2916 quem
785 2853 847 2902 mihi
858 2854 978 2918 deinceps
989 2862 1060 2903 recte
1071 2868 1140 2903 nunc

94 2914 174 2962 omitti
185 2914 283 2962 videtur
294 2928 346 2962 vox
357 2930 420 2972 cum,
434 2915 559 2979 adscripta
570 2916 612 2963 illa
623 2918 655 2966 ad
667 2919 842 2981 corrigendum
853 2935 946 2969 nomen
957 2920 1061 2969 Iunium
1065 2940 1076 2977 ,·
1093 2922 1137 2969 mi·

94 2996 142 3028 nus
159 2987 226 3027 recte
243 2993 317 3028 voces
340 2996 393 3028 eam
414 2997 486 3045 quarn
510 2983 635 3040 omiseris3
660 2999 706 3032 nec
721 2994 804 3034 tamen
822 3002 936 3051 eamque,
961 2988 1034 3048 quod
1049 2987 1139 3036 clim·

93 3047 179 3110 Lipsio
192 3046 289 3110 accepi,
302 3046 361 3094 ferri
372 3054 469 3110 petest3
482 3050 566 3110 itaque
578 3051 661 3098 malim
674 3059 716 3099 aut
728 3054 887 3116 transpositis
900 3053 1005 3102 vocibus
1018 3054 1138 3103 scribere:

93 3114 158 3160 idem
174 3117 237 3160 enim
254 3127 308 3161 eam
321 3114 463 3176 quiAsiarn
479 3115 618 3175 obtinebat,
642 3126 685 3165 aut
702 3119 770 3180 quod
786 3133 853 3168 nunc
869 3120 965 3183 recepi:
991 3120 1060 3171 idem
1077 3122 1138 3171 enh

93 3179 182 3226 Asiam
199 3181 357 3227 etiamtum
374 3180 509 3228 obtinebat.
533 3182 563 3229 H.

160 3240 209 3299 46,
224 3242 250 3299 3.
274 3247 350 3294 Hunc
359 3249 559 3308 proficiscentem
570 3247 587 3296 i.
600 3248 628 3296 S.
641 3252 705 3298 diris
721 3267 774 3298 eum
789 3252 901 3301 omnibus
918 3252 1018 3301 tribum
1031 3256 1070 3317 pl.
1085 3252 1136 3315 sn·

92 3316 149 3358 stra
160 3312 272 3357 retinere
284 3315 369 3359 conati
379 3320 499 3369 essent,
513 3316 748 3376 pirorum—fuisset
758 3317 937 3380 reipublicae,
950 3324 1139 3384 transm·

94 3376 244 3437 Euphraten
259 3376 374 3424 Crassum
386 3404 419 3411 --
432 3378 528 3427 Orodes
539 3407 571 3414 -
580 3384 712 3430 interemit.
725 3384 758 3431 M.
772 3385 801 3432 In
814 3398 869 3432 earn
880 3391 994 3435 mentem
1005 3388 1045 3437 sic
1056 3386 1135 3435 conie·

94 3450 159 3490 stes:
177 3443 241 3489 diris
253 3457 306 3490 eum
317 3444 436 3491 ominibus
447 3444 554 3493 tribunis
566 3472 599 3482 —
609 3473 642 3482 —
655 3453 763 3507 conatis,
778 3465 880 3514 quorum
892 3476 934 3499 -.
960 3450 1017 3502 sea
1027 3452 1136 3519 praefui

93 3507 226 3572 periodum
239 3509 302 3555 male
314 3517 440 3557 structam.
