2348 4222
156 306 198 370 82
320 388 323 393 .
430 302 469 361 M.
492 301 632 363 VELLEI
654 301 870 363 PATERCULI
959 346 963 351 .

155 458 239 521 baris
264 472 409 517 numerus
436 470 527 528 suus,
553 453 594 512 ile
618 451 732 513 fiducIa
756 452 880 524 virium,
907 457 941 513 ut
963 451 1046 515 ubict

158 544 270 604 Caesar
281 548 380 614 esset,
392 538 466 597 nihil
476 536 507 597 in
519 553 554 597 se
565 543 759 611 reponerent.
780 535 854 595 Pars
867 533 1046 603 exercitus<

157 624 319 701 proposita
329 623 389 698 ipsi
396 621 466 682 duci
474 621 526 697 [et]
539 619 579 679 ad
586 618 741 681 arbitrium
762 618 987 692 utilitatemque
1004 636 1045 681 no

155 715 309 770 macerata
319 707 531 782 perductaque
543 703 582 762 ad
590 701 775 763 exitiabilem
787 703 898 761 famem
907 717 1014 776 neque
1027 705 1046 769 it

154 792 194 852 tis
220 791 373 853 sustinere
398 804 499 865 neque
525 803 595 847 curn
620 786 800 847 facientibus
829 784 952 860 copiam
983 802 1046 863 pug

156 875 418 951 dirigentibusque
443 871 541 933 aciem
566 884 644 930 ausa
669 867 831 944 congredi,
858 876 1046 945 occupator

124 967 142 1021 4
156 960 281 1020 Claudlo
295 957 463 1016 munitIone
477 970 512 1015 se
526 953 672 1014 defendit.
703 954 743 1015 At
757 969 794 1015 ea
808 967 896 1026 pars,
920 968 1005 1026 quae
1019 953 1046 1015 ol

156 1059 190 1103 se
205 1041 356 1102 effuderat
369 1036 531 1109 exercitui,
548 1053 640 1113 quarn
654 1036 692 1097 A.
706 1037 835 1098 Caecina
848 1042 879 1096 et
894 1033 1039 1099 Silvanus

154 1125 214 1185 tius
240 1123 420 1185 consulares
446 1137 485 1181 ex
509 1119 720 1181 transmarinis
745 1118 941 1183 adducebant
961 1120 1046 1194 provi

155 1207 339 1268 circumfusa
356 1206 492 1281 quinque
507 1204 678 1278 legionibus
693 1204 808 1265 nostrIs
830 1200 1046 1279 auxiliaribusq

155 1289 301 1365 equitatui
315 1289 401 1364 regio
416 1288 548 1366 (quippe
563 1304 704 1363 maguam
714 1287 864 1347 Thracum
878 1302 1003 1349 manum
1018 1287 1046 1349 Iu

152 1372 318 1449 praedictis
340 1373 469 1434 ducibus
482 1372 731 1442 Rhoemetalces,
753 1370 899 1432 Thraciae
913 1385 988 1443 rex,
1010 1371 1037 1433 in

152 1458 263 1517 lorium
278 1457 345 1518 eius
360 1457 432 1517 belli
442 1471 549 1517 secum
563 1454 715 1524 trahebat)
729 1469 828 1529 paene
840 1452 1046 1521 exitiabileml

152 1540 211 1600 bus
228 1542 347 1601 cladem
361 1541 474 1601 Intulit:
488 1542 591 1614 fugata
602 1541 757 1612 regiorum
769 1537 923 1612 equestris
937 1539 1036 1610 acies,

152 1631 203 1682 tae
224 1626 305 1695 alae,
329 1639 500 1685 conversae
521 1621 665 1683 cohortes
688 1628 774 1694 sunt,
794 1621 878 1695 apud
899 1621 993 1694 signa
1016 1640 1046 1698 qu

124 1704 307 1778 elegIonum
327 1706 519 1780 trepidaturn.
557 1704 619 1764 Sed
634 1703 764 1765 Romani
785 1702 879 1765 virtus
895 1703 1002 1767 milltis
1017 1709 1045 1782 pl

153 1795 292 1860 tempore
317 1788 483 1846 vindicavit
507 1786 624 1861 glorIae
650 1803 741 1862 quam
767 1787 898 1849 ducibus
920 1787 1045 1866 reliquit

154 1869 958 1945 multumamoreimperatorissuidiscrepantesante
973 1873 1005 1933 in
1021 1872 1046 1933 In

53 1998 56 2002 .
152 1951 338 2027 inciderunt,
354 1969 444 2029 quarn
466 1969 520 2028 per
531 1955 758 2029 exploratores,
774 1954 825 2014 ubi
845 1955 947 2016 hostis
971 1967 1046 2019 esset

123 2044 343 2111 agnoscerent.
365 2036 683 2113 TumigiturIndubiis
691 2036 784 2099 rebus
792 2044 890 2097 semet
904 2038 1046 2116 ipsaelep

152 2122 345 2195 adhortatae,
361 2122 504 2196 iugulatis
520 2121 558 2181 ab
570 2121 659 2184 hoste
668 2121 851 2196 quibusdam
858 2119 997 2185 tribunis
1009 2125 1046 2185 mi

152 2205 334 2281 interempto
350 2205 507 2278 praelecto
523 2211 692 2265 castrorum
712 2203 943 2279 praefectisque
961 2208 1045 2275 coho

151 2304 213 2346 non
229 2287 394 2346 incruentIs
409 2287 655 2360 centurionibus,
677 2303 695 2346 e
710 2288 821 2360 quibus
837 2289 929 2349 etiam
955 2293 1046 2365 primi

152 2385 208 2437 nes
233 2368 388 2441 cecidere,
414 2368 556 2430 Invasere
580 2368 678 2430 hostis
704 2385 761 2431 nec
787 2371 982 2435 sustinuisse
1011 2393 1046 2437 oo

152 2458 300 2526 perrupta
314 2467 420 2512 eorum
435 2451 501 2512 acie
516 2453 1045 2528 exinsperatovictoriarnvindicav

123 2532 218 2593 IHoc
239 2535 304 2596 lere
318 2542 456 2612 tempore
469 2537 624 2612 Agrippa,
645 2539 697 2612 qui
713 2538 824 2599 eodem
845 2538 896 2601 dte
920 2557 990 2614 quo
1006 2544 1046 2605 Til

151 2618 315 2695 adoptatus
331 2619 369 2680 ab
384 2636 444 2681 avo
458 2636 515 2680 suo
532 2621 660 2681 naturali
674 2628 738 2681 erat
753 2626 782 2681 et
802 2620 861 2685 iarn
878 2631 950 2683 ante
975 2625 1046 2691 bien

152 2704 253 2777 quaIIs
269 2711 368 2776 esset,
384 2717 535 2778 apparere
552 2712 711 2778 coeperat,
726 2701 803 2763 mira
820 2706 976 2779 pravitate
994 2710 1046 2777 aui

152 2800 212 2858 que
226 2785 330 2860 Ingeni
344 2785 375 2844 In
390 2783 571 2860 praecipitia
586 2801 755 2847 conversus
770 2788 867 2861 patris
883 2796 981 2864 atque
1005 2793 1046 2861 e'tu

150 2867 200 2925 avi
215 2868 263 2929 sui
278 2868 410 2930 animum
422 2869 565 2929 alienavit
578 2866 637 2930 sibi
651 2886 786 2946 moxque
799 2874 1018 2939 crescentibus
1033 2880 1046 2938 i

149 2949 230 3012 vitiIs
242 2951 367 3026 dignum
382 2952 485 3012 lurore
500 2968 557 3013 suo
573 2952 678 3014 habuit
692 2955 814 3016 exitum.

19 3060 22 3065 ·
121 3045 136 3098 1
235 3034 335 3097 CXIII.
356 3036 1045 3112 Aeprenunc‚ltl.VIuici‚tentaminbellod

152 3128 298 3195 quantun
309 3122 340 3182 ln
351 3121 527 3198 pacevides
539 3119 719 3198 principem.
741 3122 856 3183 iunctis
868 3125 1044 3188 exercitibu

152 3219 212 3278 que
227 3205 285 3264 sub
299 3204 431 3267 caesare
445 3207 580 3279 lucrant,
602 3206 716 3282 quique
736 3206 777 3265 ad
791 3221 861 3267 eum
875 3218 1045 3285 venerant,

149 3286 318 3360 tractisque
338 3288 370 3346 in
391 3297 571 3350 anacastra
593 3289 698 3350 decern
724 3288 911 3364 legionibus,
938 3300 1046 3366 septus

152 3369 284 3442 amplius
299 3368 493 3445 cohortibus,
514 3373 621 3433 decem
641 3375 697 3435 alis
713 3379 743 3433 et
757 3373 896 3448 pluribus
912 3391 1006 3449 quarn
1030 3378 1046 3436 d

151 3460 366 3512 veteranorum
387 3451 523 3530 milibus,
545 3456 664 3517 adhoc
684 3472 794 3531 magno
815 3459 1046 3522 voluntariorun

153 3551 237 3597 mero
259 3535 473 3612 trequentique
490 3540 591 3615 equite
606 3540 813 3616 regiostanto
832 3542 965 3618 denique
984 3559 1045 3605 exe
