2348 4222
163 408 206 473 38
434 404 475 464 Μ.
497 404 639 464 vultui
660 404 877 469 PATERCULI

164 571 227 621 tum
241 554 373 632 primum
388 557 470 619 lacta
483 564 532 619 est
551 554 767 631 stipendiunm
793 557 863 616 finis
885 557 992 633 imperi
1006 572 1057 630 reg

163 642 296 703 minatus
312 643 466 704 Armenia.

134 737 150 790 1
250 726 413 789 XXXVlll.
443 723 533 785 Haud
546 720 713 783 absurdum
732 718 853 777 videtur
873 722 1057 794 propositio

165 814 293 888 regulae
308 812 415 888 paucis
430 820 623 884 percurrere,
648 817 727 878 quae
742 798 893 872 cuiusque
907 804 1002 862 ductu
1017 818 1054 876 ge

166 899 250 962 natio
261 898 386 957 redacta
399 894 430 952 in
445 888 603 951 formulam
618 883 793 961 provinciae
805 882 969 953 [stipendia
980 893 1057 955 pact:

166 990 200 1043 ut
217 996 297 1055 quae
311 976 449 1050 partibus
465 971 651 1037 notavimus,
673 963 790 1023 facilius
805 961 894 1020 simul
909 963 1056 1023 universa

134 1074 152 1125 2
167 1065 245 1136 spici
257 1060 388 1133 possint.
407 1055 523 1110 Primus
538 1050 569 1107 in
583 1048 716 1108 Siciliam
728 1045 844 1106 traiecit
855 1046 1022 1107 exereitum
1036 1062 1057 1104 c<

167 1139 390 1208 claudius‚serl
398 1132 585 1209 provinciam
600 1147 667 1192 eam
685 1138 756 1207 post
770 1147 867 1190 annos
883 1131 978 1189 ferme
994 1130 1057 1204 quir

165 1223 248 1300 ginta
261 1221 341 1280 duos
356 1216 454 1292 captis
470 1216 636 1292 Syracusis
652 1217 722 1277 lecit
732 1216 894 1276 Marcellus
907 1214 1051 1274 Claudius

165 1323 234 1367 mus
259 1302 394 1361 Africam
418 1302 556 1383 Regulus
584 1318 667 1363 nono
697 1301 791 1361 ferme
821 1316 901 1360 anno
929 1299 1057 1374 primii

165 1387 237 1449 belli
251 1384 307 1458 **‚
335 1385 391 1444 sed
408 1394 480 1460 post
494 1393 616 1445 centum
632 1395 661 1446 et
681 1400 790 1446 novem
806 1400 904 1444 annos
919 1382 950 1440 P.
968 1382 1057 1457 Scipi

166 1471 306 1530 millenus
329 1479 415 1530 eruta
430 1470 610 1545 Carthagine
631 1470 741 1529 abhinc
762 1484 861 1528 annos
883 1474 1005 1527 centum
1024 1482 1057 1526 se

133 1555 247 1628 aginta
268 1553 323 1616 tris
337 1555 473 1615 Africam
493 1554 522 1614 in
545 1556 704 1615 formulam
721 1552 839 1626 redegit
852 1551 1040 1626 provinciae.

166 1637 249 1698 dinia
270 1639 348 1700 inter
369 1641 498 1714 primum
521 1646 550 1698 et
571 1639 738 1698 secundum
760 1636 871 1695 bellurn
887 1634 1032 1695 Punicum
1054 1660 1057 1687 1

164 1723 197 1782 Τ.
212 1721 305 1781 Manli
327 1726 463 1782 consulis
485 1733 599 1782 certum
612 1721 730 1795 recepit
744 1719 851 1793 imperi
866 1719 980 1793 iugum.
1014 1719 1056 1777 lm

165 1805 294 1865 bellicae
311 1805 440 1865 civitatis
462 1813 687 1878 argumentum,
710 1803 794 1878 quod
816 1804 910 1862 semel
933 1803 990 1862 sub
1012 1818 1057 1876 reg

166 1889 275 1949 iterum
299 1888 360 1948 hoc
380 1891 412 1947 T.
434 1888 546 1947 Manlio
568 1889 709 1960 consule,
734 1887 821 1947 tertio
842 1887 983 1960 Augusto
1009 1887 1056 1960 pri

167 1979 270 2032 certae
290 1973 378 2046 pacis
399 1979 610 2046 argumentum
631 1973 722 2030 Ianus
748 1971 886 2044 geminus
908 1971 1032 2030 clausus
1054 1994 1057 2021 r

135 2056 199 2116 41n
216 2056 395 2131 Hispaniam
416 2057 505 2130 primi
529 2057 661 2116 omnium
683 2055 801 2114 duxere
822 2055 974 2114 exercitus
998 2054 1050 2113 Cn.

168 2138 330 2214 Scipiones
346 2141 429 2200 initio
446 2137 574 2200 secundi
589 2138 658 2198 belli
671 2137 777 2198 Punici
792 2138 903 2198 abhinc
918 2155 1017 2197 annos
1033 2138 1057 2196 dt

166 2230 215 2284 tos
235 2224 469 2299 quinquaginta;
496 2225 567 2283 inde
587 2223 671 2283 varie
691 2237 843 2297 possessa
863 2229 893 2281 et
915 2238 1011 2296 saepe
1033 2238 1057 2280 ai

166 2307 320 2381 partibus,
346 2307 492 2365 universa
511 2307 604 2365 ductu
618 2306 748 2380 Augusti
769 2306 849 2364 lacta
870 2303 1057 2379 stipendiarii

134 2388 376 2451 5Macedoniam
398 2386 525 2462 Paulus,
545 2389 708 2449 Mummius
724 2388 885 2463 Achaiam,
906 2389 1033 2449 Fulvius
1054 2389 1057 2446 ἶ

166 2471 224 2530 lior
239 2469 360 2543 subegit
373 2471 539 2542 Aetoliam3
564 2471 671 2532 Asiam
692 2472 724 2530 L.
743 2470 862 2547 Scipio,
884 2473 1019 2533 Africani
1043 2473 1057 2530 l

167 2553 451 2628 eripuitAntiocho;
468 2557 524 2615 sed
534 2556 683 2617 beneficio
697 2563 822 2616 senatus
835 2558 1005 2632 populique
1015 2556 1057 2617 Rc

166 2653 239 2698 mox
259 2639 297 2698 ab
318 2638 429 2698 Attalis
455 2655 633 2713 possessam
658 2639 782 2715 regibus
802 2638 842 2699 lli.
858 2640 1027 2715 Perperna,
1053 2662 1057 2694 ι

135 2721 359 2793 6Aristonico‚
385 2721 457 2781 lecit
476 2722 673 2782 tributariam.
708 2724 799 2799 Cypri
820 2723 958 2784 devictae
981 2724 1057 2784 nulli:

167 2805 318 2878 signanda
332 2805 430 2877 gloria
443 2813 506 2873 est;
529 2807 644 2881 quippe
659 2816 783 2868 senatus
799 2811 955 2883 consulto,
977 2809 1057 2867 minii

167 2887 305 2960 Catonis,
333 2887 415 2961 regis
441 2898 552 2962 morte,
578 2908 670 2965 quam
694 2893 745 2951 1116
770 2892 957 2952 conscientia
983 2893 1057 2951 acci*

166 2970 247 3030 lacta
262 2969 421 3044 provincia
433 2980 488 3032 est.
516 2975 602 3035 Creta
612 2975 723 3036 Metelli
735 2977 826 3037 ductu
841 2977 1042 3050 longissimae

165 3053 235 3115 tatis
250 3055 312 3114 fine
326 3056 450 3115 multata
464 3064 519 3117 est.
550 3057 640 3136 Syria
653 3059 831 3135 Pontusque
846 3061 897 3119 Cn.
909 3059 1038 3136 Pompei
1054 3077 1057 3086 ·

164 3140 202 3200 tis
218 3147 414 3200 monumenta
429 3149 508 3202 sunt.

134 3241 149 3291 1
244 3225 376 3284 XXXIX.
407 3225 535 3301 Gallias,
557 3227 687 3301 primum
707 3243 726 3286 a
744 3226 876 3288 Domitio
895 3227 1057 3302 Fabioque

165 3312 237 3378 pote
252 3306 351 3381 Pauli,
377 3311 427 3381 qui
447 3311 664 3385 Allobrogicus
684 3319 812 3372 vocatus
835 3317 897 3385 est,
924 3309 1055 3370 intrabas

165 3390 314 3460 exercitu,
332 3406 442 3464 magna
455 3410 528 3453 mox
543 3396 630 3455 clade
646 3401 751 3455 nostra
766 3412 861 3471 saepe
875 3403 905 3454 et
919 3395 1057 3454 adiectas

164 3477 195 3530 et
209 3472 381 3544 omisimus;
404 3475 458 3534 sed
479 3477 732 3551 fulgentissimum
748 3479 779 3539 C.
795 3479 935 3540 Caesaris
958 3494 1041 3555 opus

164 3555 368 3630 conspicium
399 3558 513 3633 quippe
542 3561 608 3622 eius
638 3564 730 3623 ductu
758 3563 967 3638 auspiciisque
996 3562 1057 3623 inlr

161 3653 263 3714 paene
276 3638 357 3700 idem
374 3643 458 3718 quod
472 3651 553 3705 totus
568 3654 716 3707 terrarum
731 3648 814 3708 orbis
830 3651 968 3724 macoma
984 3648 1057 3708 conl
