2348 4222
147 274 189 339 84
414 275 454 334 Μ.
477 276 618 334 vallat
640 276 856 336 PATERCULl

150 431 242 507 petiit.
257 430 405 489 Ferocem
418 429 500 487 illam
507 436 551 488 tot
564 427 679 488 milium
691 428 876 488 iuventutem
885 429 979 503 paulo
988 437 1091 489 antean

151 514 273 573 vitutem
287 511 540 571 minatamltaliae
554 513 759 570 conferentem
774 527 866 583 arma,
882 513 990 586 quibus
999 526 1091 574 ascen

150 597 231 672 apud
247 596 358 655 llumen
374 596 497 655 nomine
508 594 684 667 Bathinum,
698 601 1009 669 prosternentemque
1022 611 1055 656 se
1065 612 1091 656 ιι

149 695 270 739 versam
279 681 408 756 genibus
424 679 625 753 imperatoris,
634 678 845 752 Batonemque
857 676 1091 751 etPlnnelem‚n

151 762 340 824 celsissimos
355 765 461 836 duces,
474 763 763 840 captummtterum]
780 764 908 820 alterum
919 777 939 821 a
952 777 990 824 se
1002 762 1091 825 dedito

122 868 138 920 5
151 849 237 908 iustis
253 846 458 907 voluminibus
474 846 580 905 ordine
594 846 794 919 narrabimus,
807 852 841 905 ut
853 858 961 919 spero.
985 846 1091 907 Aulum

149 928 751 1004 victorinhibernareduoiturexercitus
765 929 852 990 cuius
861 928 1010 990 omnibus
1019 930 1091 1005 cupii

144 1010 1091 1086 caesaremtepiduspraetectusest‚virnominiacfortunaett

151 1112 251 1157 sarum
263 1095 431 1169 proximus
447 1111 537 1169 quem
546 1094 576 1154 in
585 1100 731 1170 quantum
740 1096 871 1171 quisque
881 1102 934 1156 aut
948 1111 1091 1171 cognosti

151 1180 386 1253 autintellegere
400 1179 505 1254 potuit,
520 1179 677 1239 intantum
689 1177 1091 1253 miraturacdiligittantora

153 1263 385 1337 quenominum
400 1264 512 1338 quibus
526 1271 611 1323 ortus
620 1270 676 1334 est,
692 1271 902 1324 ornamentum
916 1262 1048 1325 iudicat

124 1357 139 1406 1
236 1346 323 1407 CXV.
368 1347 481 1406 Caesar
496 1346 535 1406 ad
550 1348 675 1407 alteram
688 1346 760 1405 belli
772 1346 930 1406 Delmatici
946 1350 1091 1410 molernat

150 1446 233 1490 mum
249 1436 341 1507 atque
355 1446 440 1490 arma
455 1428 589 1491 contulit.
625 1429 659 1488 ln
676 1447 737 1505 qua
752 1430 880 1504 regione
896 1431 988 1504 quali
1005 1434 1091 1494 adiuta

150 1514 314 1588 legatoque
341 1516 433 1574 lratre
454 1530 522 1574 meo
543 1513 643 1587 Magio
667 1513 770 1574 Celere
796 1514 959 1573 Velleiano
990 1532 1091 1578 usust

150 1596 250 1669 ipsius
259 1596 418 1671 patrisque
426 1598 491 1655 eius
500 1596 878 1672 praedieationetestatum
886 1605 936 1657 est
949 1606 986 1658 et
992 1601 1091 1676 ampla

151 1694 270 1736 morum
283 1679 447 1752 donorum,
465 1679 577 1753 quibus
595 1680 783 1754 triumphans
797 1697 867 1741 eum
875 1679 998 1741 Caesar
1010 1684 1091 1746 dona

124 1762 253 1834 asignat
267 1761 422 1819 memoria.
458 1761 546 1820 lnitio
568 1763 693 1822 aestatis
709 1764 843 1838 Lepidus
866 1763 984 1825 educto
1007 1767 1091 1828 biber

153 1844 289 1904 exercitu
304 1860 359 1920 per
371 1844 469 1919 gentis
481 1846 615 1920 integras
625 1845 831 1921 immunisque
846 1845 948 1909 adhuc
966 1851 1091 1912 eladeb

153 1935 182 1988 et
198 1944 234 1987 eo
251 1928 363 1990 lemeis
380 1944 415 1988 ac
431 1929 525 1989 trucis
541 1930 670 1990 tendens
692 1930 732 1989 ad
746 1931 896 1990 Tiberium
920 1930 1091 2008 imperator

153 2019 182 2071 et
206 2028 274 2072 cum
300 2013 479 2074 difficultate
503 2015 642 2074 locorum
667 2020 786 2074 etcum
801 2015 830 2073 vi
846 2014 987 2075 hostium
1004 2020 1091 2081 luetat

152 2111 342 2170 magnacum
355 2097 442 2156 clade
455 2097 668 2157 obsistentium
681 2098 794 2158 excisis
808 2098 904 2172 agris,
922 2103 1091 2164 exustisuc

152 2178 246 2252 liciis,
269 2181 368 2239 eaesis
383 2180 458 2237 viris
474 2181 571 2239 laetus
587 2182 712 2240 victoria
728 2182 905 2256 praedaque
922 2196 1091 2261 onustnsp

130 2258 234 2320 *venit
259 2262 299 2318 ad
315 2262 492 2333 Caesarem,
518 2268 548 2319 et
570 2261 608 2321 ob
625 2278 662 2321 ea
684 2267 804 2336 quaesi
826 2266 966 2339 propriis
992 2271 1091 2345 gessia

152 2343 315 2416 auspicia,
332 2343 518 2417 triumphare
530 2345 690 2418 debuerat,
703 2349 889 2409 ornamentis
901 2350 1091 2429 triumphalil

153 2427 363 2487 consentiente
378 2443 447 2487 eum
459 2425 571 2490 iudicio
585 2431 756 2507 principum
768 2433 926 2492 voluntate
943 2446 1078 2499 senatus

123 2516 238 2573 anates
253 2519 308 2570 εει.
339 2512 395 2571 Illa
409 2518 512 2572 aestas
529 2514 651 2572 maximi
667 2514 738 2574 belli
753 2519 981 2580 consummavit
996 2520 1091 2583 effect

153 2593 270 2670 quippe
284 2593 430 2655 Perustae
446 2611 482 2653 ac
496 2595 678 2655 Daesitiates
694 2598 850 2658 Delmatae
872 2600 933 2661 situ
947 2602 1086 2666 loeonnn

151 2679 312 2748 montium,
328 2678 517 2750 ingeniorum
533 2679 662 2751 ferocia,
677 2680 753 2738 mira
764 2679 854 2741 etiam
866 2687 1091 2758 pugnandlscit

151 2759 193 2816 tia
207 2767 237 2819 et
252 2760 418 2833 praecipue
437 2761 585 2834 angustiis
606 2762 738 2823 saltuum
759 2779 859 2838 paene
879 2767 1091 2849 inexpugnabl

151 2856 213 2900 non
228 2841 287 2899 iam
302 2842 410 2914 ductu,
427 2843 483 2902 sed
498 2845 639 2904 manibus
655 2853 747 2922 atque
763 2850 855 2910 armis
875 2850 978 2925 ipsius
996 2854 1091 2918 Caesa

150 2931 214 2984 tum
225 2925 348 2985 demum
354 2927 456 3000 pacati
468 2933 552 3001 sunt,
569 2943 637 2988 cum
650 2946 749 3004 paene
765 2933 900 2994 funditus
911 2936 1019 2999 eversi
1032 2942 1091 3003 lert

121 3008 139 3062 4
151 3007 228 3069 Nihil
239 3010 270 3070 in
281 3009 340 3070 hoc
352 3016 436 3072 tanto
448 3011 543 3087 bello,
559 3012 632 3071 nihil
643 3014 673 3073 in
682 3013 844 3077 Germania
855 3024 907 3078 aut
916 3018 1031 3083 videre
1044 3041 1091 3086 ma

151 3100 203 3151 aut
216 3096 317 3153 mirari
332 3095 429 3172 magis
445 3097 545 3172 potui,
566 3113 657 3173 quam
679 3101 765 3174 quod
784 3101 960 3177 imperatori
975 3121 1091 3186 nunqu

151 3174 229 3234 adeo
255 3178 318 3235 ulla
344 3186 517 3254 opportuna
543 3182 609 3242 visa
633 3189 680 3242 est
704 3184 850 3246 victoriae
871 3187 1014 3264 occasio,
1047 3211 1092 3270 qu

151 3256 261 3318 damno
270 3257 644 3342 amissipensaretmilitls,
659 3283 843 3345 semperque
856 3271 1091 3351 visumestglor

151 3354 234 3415 sum,
256 3342 341 3416 quod
362 3353 445 3405 esset
465 3347 662 3424 tutissimum,
684 3359 714 3413 et
728 3359 798 3413 ante
818 3355 1026 3418 conscientiae
1042 3379 1091 3437 qu

150 3424 249 3483 lamae
264 3428 437 3487 consultum
450 3445 508 3490 nee
519 3447 653 3508 unquam
669 3437 798 3496 consilia
809 3438 896 3500 ducis
911 3439 1026 3504 iudicio
1044 3459 1091 3506 ext

150 3507 243 3585 sitne,
259 3509 316 3569 sed
331 3513 482 3575 exercitus
498 3518 689 3590 providentia
704 3519 790 3581 ducis
805 3530 907 3584 rectus
924 3530 980 3586 est.
