2348 4222
235 391 445 453 HISTORIAE
467 393 660 453 ROMANAE
681 395 722 468 ll,
745 401 789 454 43.
966 392 1006 457 41

98 560 235 616 narrare,
258 546 384 619 quidet
408 547 551 620 quotiens
575 561 670 604 ausus
696 545 748 616 sit,
773 553 885 619 quanto
914 563 1008 621 opere

86 635 133 688 ata
148 629 215 686 eius
239 628 289 702 qui
312 629 466 688 obtinebat
481 629 588 688 Asiam
609 629 804 702 magistratus
827 630 932 703 populi
946 633 1007 691 Ro-

86 710 106 769 ri
130 718 212 770 metu
236 727 292 770 suo
315 712 498 772 destituerit:
526 712 599 770 illud
622 713 773 770 reseratur
792 712 1007 773 documentum

86 793 97 851 i
112 811 183 854 mox
199 795 322 855 evasuri
343 796 409 854 viri.
444 795 528 867 Quae
548 811 610 853 nox
631 810 699 854 eam
723 795 802 853 diem
825 803 931 855 secuta
952 805 1041 874 estd

86 927 87 932 ,
102 879 225 951 publica
240 877 404 938 civitatium
419 878 552 952 pecunia
565 878 743 952 redemptus
760 886 821 952 est,
842 880 884 938 ita
898 885 1008 955 tamen,

86 968 191 1034 ageret
203 967 273 1022 ante
284 963 411 1022 obsides
426 978 444 1019 a
458 959 565 1035 piratis
579 961 748 1022 civitatibus
761 962 835 1035 dari,
853 969 1010 1023 contracta

86 1060 126 1102 ise
147 1052 178 1103 et
193 1046 330 1118 privatus
346 1053 376 1105 et
388 1045 581 1104 tumultuaria
602 1045 741 1104 invectus
762 1045 791 1103 in
811 1062 881 1105 eum
896 1047 1007 1120 locum,

86 1143 131 1201 [uo
147 1127 206 1201 ipsi
221 1130 394 1203 praedones
410 1137 509 1200 erant,
526 1135 643 1202 partem
660 1129 769 1188 classis
784 1129 915 1203 fugavit,
936 1146 1005 1204 par-

99 1213 219 1285 mersit,
242 1213 358 1287 aliquot
379 1213 467 1272 navis
484 1213 660 1287 multosque
675 1212 810 1272 mortalis
827 1213 922 1286 cepit,
943 1214 1006 1272 lac-

86 1311 133 1369 que
149 1303 316 1356 noeturnae
329 1295 534 1371 expeditionis
548 1295 701 1370 triumpho
717 1296 755 1355 ad
773 1312 848 1356 suos
863 1305 1006 1358 revectus

89 1379 305 1454 mandatisque
323 1380 498 1452 custodiae,
521 1376 600 1454 quos
623 1386 762 1453 ceperat,
787 1379 817 1437 in
832 1379 1007 1456 Bithyniam

86 1463 157 1523 rexit
168 1464 207 1522 ad
220 1468 440 1539 proconsulem
452 1467 579 1525 luncum
590 1465 682 1543 (idern
695 1463 776 1525 enim
788 1464 895 1523 Asiam
907 1465 1008 1521 etiam-

105 1546 274 1625 obtinebat)
297 1555 425 1623 patene,
447 1555 481 1608 ut
499 1555 608 1608 auctor
629 1549 719 1606 ficret
735 1546 877 1606 sumendi
900 1545 940 1602 de
961 1558 1009 1602 ea·

89 1629 114 1684 is
131 1629 279 1700 snpplici3
303 1630 387 1701 quod
404 1643 473 1686 cum
490 1628 540 1685 ille
555 1644 591 1687 se
606 1629 757 1686 facturum
772 1635 916 1700 negasset
934 1643 1006 1687 ven-

89 1726 218 1783 rumque
235 1711 374 1784 captivos
391 1711 529 1781 dixisset,
545 1709 675 1786 (quippe
691 1712 879 1787 sequebatur
892 1711 1006 1772 invidia

88 1795 173 1865 tiam)
194 1792 364 1853 incredibili
381 1794 534 1853 celeritate
555 1803 698 1854 revectus
719 1795 758 1854 ad
781 1811 879 1867 mare,
903 1797 1004 1869 prius-

86 1894 112 1935 m
139 1879 177 1936 dc
203 1892 240 1951 ea
264 1894 299 1937 re
324 1879 376 1937 ulli
401 1878 599 1952 proconsulis
620 1880 823 1947 redderentur
843 1881 1003 1955 epistulae,

86 1960 119 2020 ris
136 1978 215 2035 quos
232 1971 370 2036 ceperat,
386 1963 505 2022 suffixit
521 1964 613 2022 cruci.

101 2045 202 2103 XLlll.
229 2047 313 2105 ldern
328 2061 400 2103 mox
416 2047 454 2103 ad
471 2045 678 2104 sacerdotium
692 2045 861 2102 ineundum
875 2045 1006 2117 (quippe
1021 2047 1036 2101 1

86 2144 132 2187 ens
154 2129 293 2202 pontifex
314 2130 414 2186 factus
436 2126 551 2184 eratin
574 2126 679 2185 Cottae
700 2127 871 2184 consularis
895 2127 1005 2199 locum,

86 2262 88 2269 .
104 2227 205 2285 paene
226 2226 303 2282 puer
318 2207 447 2266 aMario
464 2208 621 2281 Cinnaque
642 2207 753 2266 flamen
770 2208 859 2267 dialis
875 2215 1005 2283 creatus,

86 2295 148 2351 aria
164 2291 280 2365 Sullae,
303 2293 355 2366 qui
370 2288 471 2351 omnia
487 2291 524 2349 ab
540 2290 577 2350 iis
594 2298 662 2350 acta
677 2292 792 2351 iecerat
811 2292 910 2366 irrita,
933 2292 1005 2350 arni-

86 2381 117 2433 et
131 2373 163 2433 id
175 2375 391 2445 sacerdotium)
405 2374 552 2434 festinans
568 2375 598 2434 in
614 2375 793 2450 Italiamne
809 2376 1004 2451 conspicere·

86 2476 103 2518 a
125 2458 332 2531 praedonibus
354 2458 456 2518 onmia
475 2465 547 2517 tunc
563 2459 768 2519 obtinentibus
788 2460 884 2519 maria
898 2466 928 2519 et
942 2475 1003 2517 me-

92 2550 154 2601 tam
170 2540 288 2601 infestis
300 2542 367 2613 sibi,
386 2547 528 2614 quattuor
543 2545 726 2602 scalmorum
741 2558 851 2601 navem
861 2559 1004 2603 unacum

86 2627 141 2684 bus
163 2625 270 2684 amicis
292 2625 461 2699 decemque
484 2626 582 2684 servis
602 2625 762 2699 ingressus
784 2625 1005 2685 effusissimum

86 2710 164 2769 latici
180 2709 273 2767 maris
289 2708 406 2768 traiecit
420 2708 529 2768 sinum.
557 2708 622 2781 Quo
639 2708 762 2784 quidem
778 2709 808 2768 in
824 2725 917 2769 cursu
933 2720 1036 2773 con-t

86 2794 142 2867 rtis,
155 2798 188 2852 ut
199 2793 333 2866 putabat,
342 2791 505 2865 piratarum
517 2792 647 2853 navibus
660 2809 729 2852 curn
737 2793 874 2853 exuisset
886 2800 1004 2853 vestem

86 2886 238 2950 assetque
263 2877 431 2950 pugionem
456 2877 495 2934 ad
522 2877 620 2935 lemur
645 2876 780 2936 alterutri
805 2893 840 2936 se
863 2879 1003 2938 fortunae

86 2978 147 3035 ins,
163 2976 236 3020 mox
251 2957 399 3020 intellexit
413 2961 590 3020 frustratum
604 2977 676 3021 esse
691 2961 793 3021 visum
809 2977 898 3021 suum
913 2962 1002 3021 arbo-

87 3060 147 3119 que
169 3060 208 3102 ex
228 3043 397 3118 longinquo
421 3044 558 3103 ordinem
583 3053 792 3104 antemnarum
820 3044 1003 3118 praebuisse

86 3128 190 3200 ginem.
213 3127 344 3200 Reliqua
355 3126 506 3201 eiusacta
522 3128 551 3185 in
566 3129 652 3197 urbe,
667 3125 861 3186 nobilissima
874 3125 929 3183 Gn.
941 3125 1001 3183 Do·
1016 3123 1034 3181 3

89 3212 146 3270 llae
163 3210 319 3270 accusatio
332 3218 361 3269 et
375 3208 474 3269 maior
488 3209 617 3269 civitatis
634 3210 663 3267 in
680 3225 717 3266 ea
732 3210 820 3267 lavor
836 3223 926 3282 quam
940 3208 1001 3268 reis

86 3295 167 3354 :stari
192 3295 286 3367 solet,
312 3294 588 3367 contentionesque
614 3292 718 3350 civiles
744 3307 814 3352 eum
840 3290 873 3365 Q.
897 3291 1001 3354 Catulo

86 3395 108 3439 e
122 3376 189 3437 aliis
200 3375 451 3437 eminentissimis
466 3376 540 3455 viris
554 3376 770 3435 celeberrimae
785 3384 898 3436 etanta
914 3393 1001 3452 prae·

86 3479 112 3520 m
139 3463 238 3522 victus
264 3461 389 3520 maximi
414 3459 609 3536 pontificatus
637 3460 784 3534 petitione
809 3461 842 3533 Q.
868 3461 1001 3533 Catulus

87 3547 150 3605 ium
168 3547 365 3606 consessione
377 3551 502 3604 senatus
513 3544 668 3619 princeps,
685 3553 714 3605 et
725 3546 864 3604 restituta
876 3546 905 3603 in
918 3545 1000 3603 aedi-

86 3645 96 3690 t
120 3630 306 3690 adversante
329 3629 451 3706 quidem
478 3625 634 3688 nobilitate
658 3635 855 3689 monumenta
877 3628 907 3686 C.
925 3624 1002 3704 Mori
