2422 4200
78 39 122 363 t

78 514 165 601 <pelo
181 526 211 578 et
199 519 256 578 ι.0
273 517 397 576 Caesari
412 516 592 589 contigerat)
612 530 669 588 pro
685 519 773 587 praet
774 529 827 572 ore
841 531 902 574 una
918 530 986 573 cum
1002 530 1074 574 con·

86 602 211 665 sulibus
233 599 402 673 designatis
422 599 518 658 Hirtio
540 603 570 656 et
589 594 691 656 Pansa
712 596 824 655 belluni
851 612 918 656 cum
939 599 1074 657 Antonio

85 702 201 781 gerere
226 684 324 743 iussit.
359 682 421 754 [Id]
443 681 481 740 ab
506 695 543 739 eo
565 696 675 738 annum
691 687 800 753 agente
820 678 998 739 vicesimum
1014 682 1074 742 ior
1086 681 1105 735 4

86 769 213 830 'tissime
235 768 316 825 circa
336 765 481 825 Mutinam
508 762 748 822 administratum
776 770 823 822 est
851 769 889 822 et>
905 763 940 822 D.
963 763 1075 824 Brutus

281 365 491 426 HISTORIAE
512 361 704 424 ROMANAE
726 362 767 435 ll,
790 368 833 422 62
848 366 891 423 63.
1032 357 1073 421 53

90 851 262 913 obsidione
276 849 437 919 liberatus,
452 846 606 906 Antonius
619 844 701 919 turpi
716 861 752 903 ac
767 846 850 905 nuda
864 847 936 920 iuga
951 855 1075 906 coactus

86 938 241 996 deserere
253 931 384 1004 ltaliam,
407 928 569 989 consulum
580 937 680 989 autern
693 930 768 988 alter
779 928 809 986 in
822 927 903 1003 acie,
921 929 996 988 alter
1007 937 1079 1003 post

88 1032 216 1093 paucos
232 1015 298 1073 dies
314 1029 353 1072 ex
368 1015 494 1072 vulnere
508 1019 634 1071 mortem
652 1011 733 1070 obiit.

183 1097 269 1157 LXII.
313 1096 419 1155 Omnia
439 1101 508 1155 ante
524 1112 614 1170 quam
630 1096 785 1168 fugaretur
797 1095 964 1168 Antonius,
981 1095 1076 1155 hono·
1090 1109 1104 1157 1

85 1185 183 1243 rifice
210 1187 353 1240 asenatu
376 1181 405 1238 in
422 1178 584 1238 Caesarem
609 1179 838 1252 exercitumque
865 1179 930 1237 eius
954 1179 1078 1237 decreta

88 1274 183 1337 sunt,
210 1262 341 1322 maxime
366 1269 490 1322 auctore
506 1261 667 1331 Cicerone3
690 1263 746 1320 sed
766 1269 799 1320 ut
819 1263 949 1320 recessit
969 1269 1077 1334 metus

78 1350 198 1424 erupit
218 1349 359 1407 voluntas
382 1346 583 1420 protinusque
603 1345 798 1418 Pompeianis
825 1345 963 1418 partibus
988 1345 1080 1403 rediit

92 1433 228 1492 animus.
257 1429 351 1490 Bruto
373 1430 543 1503 Cassioque
558 1428 748 1503 provinciae,
767 1442 843 1501 quas
862 1427 923 1485 iam
936 1428 997 1499 ipsi
1012 1426 1107 1486 sinen

78 1518 161 1591 3ullo
183 1520 307 1573 senatus
333 1514 472 1572 consulto
441 1519 741 1586 t‚occupaverant
769 1510 927 1580 decretae,
955 1508 1078 1582 laudati,

78 1593 749 1693 quicunquehisseexercitustradidissent,
766 1606 866 1650 omnia
878 1591 1079 1650 transmarina
1129 1599 1131 1603 ’

78 1679 228 1757 ιίιιιρειιι
249 1692 354 1736 eorum
375 1675 539 1736 commissa
562 1675 662 1734 arbit'
628 1681 693 1735 trio
731 1673 849 1748 Quippe
868 1673 908 1733 Μ.
922 1674 1036 1734 Brutus
1051 1683 1107 1735 ete

78 1762 83 1793 ¹
78 1764 131 1827 0
142 1761 284 1831 Cassius,
300 1775 381 1818 nunc
396 1764 564 1819 metuentes
579 1759 798 1830 armaAntoni,
816 1773 896 1817 nunc
911 1758 951 1816 ad
966 1774 1079 1833 augen-

78 1842 171 1904 idam
187 1845 253 1902 eius
274 1843 418 1902 invidiam
439 1843 581 1902 simulant
569 1849 615 1902 tes
637 1857 672 1900 se
686 1848 835 1914 metuere,
857 1842 957 1900 testati
972 1843 1080 1901 edictis

78 1922 230 1997 clibenter
241 1942 275 1985 se
286 1926 353 1985 vel
346 1943 375 1984 ιιι
389 1933 538 2000 perpetuo
551 1926 642 1985 exilio
655 1926 806 1994 victuros,
820 1925 891 1983 dum
903 1925 1080 1997 respublica

78 2014 258 2075 bccnstaret
270 2017 300 2070 ct
313 2010 495 2079 concordia,
511 2024 568 2067 nec
582 2010 674 2066 ullam
688 2007 759 2064 belli
775 2006 872 2065 civilis
888 2007 1080 2079 praebituros

80 2094 273 2164 amaleriam,
289 2094 451 2166 plurimum
466 2091 524 2148 sibi
537 2090 665 2147 honoris
679 2102 750 2146 esse
766 2089 795 2145 in
811 2090 997 2146 conscientia
1011 2090 1082 2148 lacti

78 2166 164 2251 usui,
184 2176 311 2250 profecti
327 2175 404 2232 urbe
419 2169 611 2246 atqueltalia
625 2171 738 2230 intento
754 2185 790 2228 ac
813 2171 879 2243 pari
900 2170 1000 2230 animo
1017 2173 1083 2230 sine
1111 2169 1115 2174 '

78 2259 284 2321 rauctoritate
299 2256 421 2329 publica
431 2254 607 2328 provincias
621 2253 835 2328 exercitusque
847 2263 1082 2328 occupaverant,

78 2348 93 2402 ι’
106 2350 137 2400 et
148 2339 321 2412 ubicunque
335 2339 395 2413 ipsi
409 2344 528 2411 essent,
544 2344 758 2410 praetexentes
770 2353 842 2397 esse
854 2339 1083 2412 rempublicam,

104 2422 253 2498 pecunias
269 2421 373 2492 etlam,
391 2436 470 2496 quae
485 2436 524 2479 ex
543 2421 753 2479 transmarinis
775 2422 942 2494 provinciis
957 2422 1085 2482 Romam

78 2528 85 2567 ÷
105 2508 145 2565 ab
165 2501 378 2576 quaestoribus
394 2502 648 2576 deportabantur,
671 2505 875 2562 avolantibus
892 2512 1084 2578 acceperant.

78 2590 192 2661 {Quae
214 2587 315 2645 omnia
334 2593 459 2646 senatus
481 2585 612 2644 decretis
634 2600 818 2659 comprensa
838 2592 868 2644 et
889 2588 1115 2661 comprobarat
1147 2655 1150 2659 ,

104 2678 178 2732 sunt
193 2678 223 2729 et
236 2671 270 2730 Ι).
286 2668 397 2743 Bruto,
415 2669 499 2745 quod
515 2669 613 2728 alieno
629 2668 780 2729 beneficio
795 2669 927 2743 viveret,
944 2670 1086 2730 decretus

103 2753 294 2828 triumphus;
315 2752 435 2812 Pansae
450 2760 542 2827 atque
553 2751 630 2811 Hirti
645 2768 777 2827 corpora
792 2752 914 2828 publica
929 2755 1088 2828 sepultura

88 2839 274 2897 ,honorataa
302 2836 443 2896 Caesaris
468 2837 547 2896 adeo
564 2836 646 2895 nulla
662 2836 765 2896 habita
788 2838 917 2910 mentio,
944 2845 976 2897 ut
997 2839 1088 2913 legati

78 2916 88 2965 Ε
105 2922 160 2996 qui
172 2921 211 2978 ad
224 2923 389 2980 exercitum
402 2920 468 2979 eius
484 2919 570 2979 missi
582 2927 682 2994 erant,
698 2919 875 2981 iuberentur
886 2930 1038 2982 summoto
1051 2935 1088 2980 eo

78 2968 182 3085 {milit
170 3009 216 3062 tes
229 3004 364 3077 adloqui.
399 3004 466 3064 Non
488 3004 543 3063 luit
562 3011 621 3063 tam
644 3005 780 3078 ingratus
801 3007 971 3076 exercitus
997 3019 1118 3076 quam5

78 3102 86 3165 p
104 3088 300 3146 sueratsenat
288 3095 353 3147 t:us
368 3102 437 3145 nam
448 3103 515 3146 cum
524 3103 590 3146 cam
598 3104 738 3148 iniuriam
746 3088 967 3147 dissimulando
978 3086 1090 3144 Caesar

78 3172 203 3229 ·tserre
191 3177 385 3244 tnegavcre
399 3171 508 3228 milites
526 3171 593 3229 sine
605 3171 790 3243 imperatore
805 3184 862 3228 suo
878 3171 940 3228 ulla
957 3185 991 3227 se
1006 3169 1090 3228 audi-

78 3252 82 3277 ·'
105 3261 195 3315 turos
219 3253 371 3314 mandata.
405 3252 473 3311 Hoc
494 3258 541 3311 est
529 3253 631 3311 tillud
649 3261 783 3325 tempus,
802 3268 882 3329 quo
880 3252 1009 3312 Cicero'
1001 3255 1073 3313 rnsit
1062 3259 1120 3313 tob

105 3352 214 3396 amore
234 3337 490 3411 Pompeianarum
513 3336 642 3409 partium
666 3336 829 3395 Caesarem
852 3338 1092 3398 laudandumt
1061 3345 1092 3396 et

103 3421 277 3482 tollendum
290 3421 444 3493 censebat,
453 3435 522 3480 cum
530 3419 612 3478 aliud
621 3420 743 3493 diceret,
754 3420 836 3480 aliud
845 3421 977 3496 intellegi
990 3423 1091 3480 vellet.

194 3504 296 3564 Llllll.
339 3502 462 3562 lnterim
481 3503 634 3563 Antonius
664 3504 736 3577 luga
765 3511 981 3578 transgressus
1003 3502 1122 3577 Alpisl

107 3590 210 3664 primo
228 3606 281 3662 per
296 3589 459 3662 conloquia
475 3588 620 3662 repulsus
635 3604 653 3646 a
666 3586 706 3645 Μ.
723 3587 855 3662 Lepido,
872 3590 937 3662 (qui
952 3587 1091 3662 pontiicx
