2348 4222
23 320 50 447 'p-
194 363 405 425 msroarau
426 363 619 425 nouatum
641 363 683 436 u,
701 370 745 425 ra.
923 358 965 423 45

10 484 80 675 rssm
93 517 245 589 occisum,
264 532 324 590 quo
340 531 429 576 nemo
445 515 648 590 perniciosior
662 516 851 591 reipublicae
861 531 964 591 neque

10 606 32 661 ι’
48 598 73 660 's
88 600 237 659 inimicior
252 598 378 659 vixerat.
616 671 618 675 y

10 692 39 747 ιέ·“
67 684 198 742 XLVlll.
232 685 312 742 Intra
326 684 421 742 breve
437 683 549 742 deinde
564 684 696 758 spatium
711 683 782 742 belli
798 683 895 742 civilis
911 698 963 741 ex·
981 687 993 737 ι

10 775 16 830 l
38 774 124 827 erunt
144 765 241 838 initia,
265 782 332 826 cum
354 767 540 826 iustissimus
559 766 691 841 quisque
713 773 743 825 et
758 783 776 825 a
791 767 922 824 Caesare
937 773 968 824 et

10 848 162 924 elompeio
182 851 274 910 vellet
294 849 402 909 dimitti
422 850 591 919 exercitus;
614 850 730 924 quippe
750 848 915 923 Pompeius
936 847 966 906 in

12 935 121 999 eundo
139 934 300 992 consulatu
313 931 481 1007 Hispanias
502 932 559 991 sibi
575 933 698 992 decerni
718 933 872 1004 voluerat,
899 946 966 990 eas--

10 1002 46 1085 le
68 1032 124 1091 per
144 1017 306 1076 triennium
327 1015 440 1075 absens
467 1016 536 1090 ipsc
558 1032 594 1075 ac
614 1016 796 1091 praesidens
818 1013 886 1075 urbi
911 1029 968 1089 per

10 1101 144 1167 a'ranium
165 1108 194 1159 et
207 1098 372 1173 Petreium,
395 1102 587 1159 consularem
602 1115 639 1159 ac
659 1100 860 1175 praetorium,
883 1099 965 1171 lega-

13 1200 31 1251 5
48 1199 139 1257 suos,
167 1183 398 1244 administrabat
413 1191 443 1244 et
463 1183 500 1244 iis
517 1184 568 1258 qui
584 1199 602 1242 a
617 1183 749 1243 Caesare
770 1182 966 1242 dimittendos

10 1260 137 1343 percitus
165 1267 405 1340 contendebant,
430 1268 664 1337 adsentabatur‚
690 1266 727 1326 iis
754 1266 806 1342 qui
831 1265 869 1324 ab
895 1263 965 1338 ipso

10 1364 123 1426 unque,
150 1350 380 1410 adversabatur.
415 1350 470 1424 Qui
486 1351 512 1410 si
533 1357 604 1410 ante
624 1350 797 1428 biennium,
820 1364 912 1423 quam
927 1348 999 1408 ada

10 1447 67 1493 rma
91 1434 164 1493 itum
190 1440 252 1509 est,
279 1433 424 1508 perfectis
449 1433 627 1495 muneribus
652 1433 761 1493 theatri
788 1439 817 1490 et
838 1431 968 1490 aliorum

10 1532 126 1589 perum,
143 1533 222 1590 quae
237 1519 266 1575 ei
281 1517 490 1590 circumdedit,
506 1517 689 1591 gravissima
704 1522 836 1574 tentatus
851 1515 968 1572 valetu-

10 1599 55 1656 lne
70 1600 260 1658 decessisset
273 1600 304 1658 in
321 1600 501 1673 Campania,
526 1616 588 1673 quo
605 1599 729 1672 quidem
749 1606 887 1670 ternpore
901 1594 968 1655 uni-

10 1695 75 1741 ersa
89 1682 175 1740 ltalia
188 1686 261 1740 vota
275 1697 332 1755 pro
355 1682 454 1741 salute
474 1681 557 1755 eluS,
580 1682 668 1755 primi
690 1680 824 1741 omnium
846 1679 966 1752 civium,

10 1765 130 1839 rscepit,
147 1764 297 1824 defuisset
307 1765 447 1825 fortunae
459 1764 637 1824 destruendi
649 1765 715 1824 eius
727 1766 816 1824 locus
828 1772 858 1823 et
873 1780 966 1836 quam

10 1848 66 1920 pud
82 1864 213 1922 superos
235 1847 383 1907 habuerat
397 1847 650 1924 magnitudinem,
672 1848 824 1907 inlibatam
841 1847 966 1907 detulis-

10 1939 31 1990 ιι
45 1933 83 1990 ad
100 1932 224 1992 inferos.
251 1931 338 1992 Bello
355 1937 456 1992 autem
475 1931 556 1991 civili
571 1939 601 1990 et
623 1939 667 1991 tot
682 1948 762 2006 quae
778 1930 890 1989 deinde
912 1940 999 2004 pera

10 2014 144 2076 intinuos
159 2013 266 2088 viginti
288 2031 389 2074 annos
405 2021 574 2074 consecula
588 2021 674 2083 sunt,
700 2013 790 2072 malis
812 2029 872 2071 non
888 2012 967 2072 alius

13 2100 126 2157 aiorem
146 2097 437 2171 flagrantioremque
452 2112 545 2169 quam
560 2096 591 2154 C:
607 2095 697 2154 Curio
712 2095 851 2152 tribunus
868 2094 967 2167 plebis

10 2182 113 2242 rbiecit
126 2181 234 2252 facem,
249 2178 296 2236 vir
310 2180 433 2248 nobilis,
446 2179 606 2250 eloquens,
618 2176 730 2247 audax,
747 2191 823 2235 suae
836 2176 967 2235 alienae-

10 2280 44 2323 re
59 2271 90 2321 et
104 2265 244 2321 fortunae
265 2267 295 2318 et
310 2261 475 2334 pudicitiae
496 2260 661 2335 prodigus,
677 2259 770 2320 homo
785 2260 967 2333 ingeniosis·

11 2361 62 2403 me
75 2358 208 2418 nequanr
216 2350 246 2404 et
258 2343 408 2404 facundus
422 2344 501 2404 malo
510 2343 739 2418 publico,cuius
753 2344 854 2402 animo
868 2343 968 2416 [volu-

10 2427 118 2489 atibus
128 2426 176 2485 vel
187 2425 373 2499 libidinibus]
383 2443 485 2502 neque
497 2443 574 2501 opes
582 2429 661 2486 ullae
674 2443 775 2502 neque
783 2427 966 2502 cupiditates

10 2512 132 2569 illicere
147 2516 284 2584 possent.
305 2511 362 2570 Hic
378 2510 475 2584 primo
492 2526 548 2584 pro
563 2510 687 2584 Pompei
704 2511 852 2584 partibus,
867 2512 966 2584 idest,
982 2519 1000 2573 4

10 2639 13 2651 ,
28 2601 102 2653 tunc
117 2593 294 2666 habebatur,
309 2610 367 2668 pro
382 2593 550 2668 republica,
566 2610 638 2652 mox
653 2593 846 2652 simulatione
861 2600 969 2652 contra

10 2678 161 2752 ampeium
183 2684 213 2735 et
234 2677 394 2737 Caesarem
422 2677 479 2736 sed
505 2677 606 2735 animo
628 2693 686 2751 pro
712 2676 843 2736 Caesare
869 2677 967 2745 stetit;

27 2761 123 2834 gratis
145 2769 324 2835 anaceepto
346 2761 462 2820 centies
484 2762 626 2820 sestertio
649 2757 769 2833 fecerit,
793 2766 826 2819 ut
847 2759 967 2834 accepi-

11 2861 66 2916 us,
89 2845 119 2901 in
140 2844 242 2903 medio
265 2845 485 2918 relinquemus.
521 2844 572 2903 Ad
592 2844 727 2902 ultimum
750 2844 999 2906 saluberrimas5

10 2935 35 3000 t]
52 2927 256 2987 coalescentis
273 2928 470 2988 condiciones
486 2927 582 3003 pacis,
600 2944 676 3001 quas
693 2934 723 2988 et
735 2927 848 2988 Caesar
861 2928 965 2987 iustis-

10 3027 60 3070 mo
87 3010 187 3069 animo
213 3012 390 3086 postulabat
414 3019 445 3072 et
469 3012 634 3086 Pompeius
659 3028 760 3086 aequo
785 3012 966 3085 recipiebat,

10 3095 130 3155 scussit
144 3110 180 3153 ac
200 3094 282 3170 rupit
301 3097 391 3155 unice
406 3103 534 3155 cavente
549 3096 696 3155 Cicerone
711 3094 897 3153 concordiae
912 3109 967 3166 pu-

12 3179 91 3253 icae.
119 3177 232 3237 Harum
255 3179 548 3253 praeteritorumque
568 3194 670 3237 rerum
692 3177 768 3236 ordo
789 3192 859 3236 curn
879 3174 999 3240 iustis6

10 3263 113 3321 iorum
134 3262 340 3322 voluminibus
362 3271 535 3335 promatur,
556 3269 633 3334 tum,
655 3260 698 3319 uti
720 3275 829 3334 spero,
851 3258 965 3321 nostris

10 3345 200 3420 :plicabitum
224 3361 307 3404 nunc
327 3347 488 3421 proposito
511 3343 598 3417 operi
619 3360 676 3404 sua
697 3344 795 3404 forma
809 3345 965 3420 reddatur,

30 3429 122 3503 prius
143 3431 311 3503 gratulatus
333 3445 386 3489 ero
408 3429 577 3502 acutulo,
604 3429 725 3489 duobus
746 3429 880 3489 Lucullis
900 3430 965 3488 Me-

10 3514 120 3587 lloque
140 3520 169 3572 et
183 3513 363 3587 Hortensio,
388 3513 439 3587 qui
461 3529 529 3573 cum
551 3514 617 3572 sine
632 3512 747 3572 invidia
761 3513 792 3571 in
806 3513 966 3587 republica

10 3597 164 3656 >ruissent
175 3598 438 3672 eminuissentque
453 3598 519 3656 sine
535 3598 682 3672 periculo,
699 3597 802 3672 quieta
817 3604 869 3655 aut
883 3601 966 3654 certe
