2348 4222
131 461 164 496 tn
400 443 500 492 FlllD.
518 440 656 490 HAASll
672 441 904 490 PRAEFATIO.

134 579 224 626 simam
247 576 279 624 ad
302 575 471 623 emendandos
489 574 579 622 Vellcii
602 573 678 622 libros
697 572 821 636 prolatum
838 580 887 629 est,
913 587 1089 635 cognoscerem
1107 582 1132 621 et
1147 574 1173 623 iu

135 644 209 692 liuius
228 643 343 691 editionis
360 642 491 689 utilitatem
507 650 689 693 converteremz
708 655 769 687 usus
788 641 861 687 etiam
878 654 935 686 sum
953 639 1051 687 schedis
1063 640 1161 688 Lindon

137 710 275 771 brogianis‚
293 710 422 770 inquibus
440 716 523 755 tamen
536 720 600 770 quae
612 708 644 754 ad
657 707 853 754 emendationem
865 713 991 769 spectant,
1009 704 1084 754 hodie
1100 722 1149 754 usu
1165 729 1168 746 ι

136 775 233 824 nullum
254 774 354 823 habent.
389 775 520 822 Praeterea
542 775 621 838 capita
641 788 776 835 corumque
794 779 877 836 partes
895 786 1082 833 nonnumquam
1099 771 1170 836 paul·

136 842 207 889 aliter
225 842 327 889 distinxi
345 854 419 903 quam
435 840 517 889 adhuc
535 840 627 887 iactum
652 848 717 889 erat.
741 840 784 888 ubi
802 853 884 886 rerum
901 840 1082 900 verborumque
1099 837 1161 886 intel

136 909 214 955 lectus
228 923 256 956 co
269 908 343 955 modo
357 909 435 955 iuvari
448 922 524 971 posse
535 908 678 963 videbatur;
698 905 806 967 denique
823 905 931 952 iudicem
947 906 1026 953 adieci
1043 918 1093 953 nou
1105 904 1148 953 illu

136 976 237 1036 quidem
253 975 329 1038 plane
345 989 438 1022 novum
457 974 502 1022 scd
519 982 602 1021 tamen
620 987 662 1026 eo,
688 974 730 1034 qui
754 971 836 1020 adhue
857 970 1018 1034 vulgabatur,
1043 979 1071 1019 ut
1092 970 1172 1020 verbi

136 1042 286 1093 breviorem,
312 1041 347 1087 ita
362 1042 437 1088 rebus
454 1038 532 1087 multo
550 1039 737 1102 locupletiorem
754 1046 778 1086 et
795 1037 892 1086 mendis
910 1046 1051 1101 purgatum.

205 1139 347 1187 Scribebam
359 1138 523 1187 Vratislaviae
535 1153 621 1186 mense
633 1139 697 1186 Maio
710 1151 732 1185 a.
745 1136 894 1186 MDCCCLI.

205 1504 306 1551 Frustra
318 1503 416 1566 speravi
430 1504 506 1549 otium
519 1502 580 1550 milii
591 1516 605 1548 a
617 1502 752 1550 Velleianis
765 1500 853 1548 studiis
867 1514 1014 1549 concessum
1028 1514 1096 1559 esse3
1115 1515 1174 1563 qua

138 1571 253 1631 quotiens
277 1570 472 1626 retractaverim,
499 1568 647 1616 documento
672 1575 730 1616 sunt
749 1581 789 1617 ea.
816 1580 879 1627 qnae
896 1567 945 1613 iam
964 1567 1023 1615 olim
1039 1568 1065 1615 in
1082 1567 1174 1616 diurni

138 1636 286 1684 llalensibus
304 1637 393 1699 scripsi
406 1636 437 1682 de
449 1636 572 1684 Orelliana
590 1645 613 1683 et
630 1635 806 1697 Kreyssigiana
823 1632 984 1690 editionibus,
1005 1635 1036 1681 de
1052 1634 1169 1682 Laureu‘

140 1702 200 1749 locis
212 1701 351 1762 llalmiique
364 1702 578 1750 emendationibus
590 1701 725 1749 Velleianis
739 1700 806 1748 etde
819 1697 965 1762 Sclroepl'eri
978 1700 1174 1748 adnotationibu-

139 1767 243 1819 criticis;
262 1767 310 1813 alia
322 1767 412 1814 deinde
424 1767 545 1814 nonnulla
556 1768 649 1814 Kritzio
661 1769 776 1830 privatim
788 1766 957 1828 suppeditavi,
977 1781 1033 1813 cum
1049 1780 1121 1815 suam
1132 1781 1168 1830 pa

139 1840 203 1881 raret
220 1833 365 1887 editionem,
391 1832 439 1879 alia
460 1848 547 1880 rursus
571 1833 675 1895 protuli,
701 1847 757 1879 cum
774 1832 898 1894 perlectae
916 1832 1030 1881 editionis
1048 1847 1148 1880 censur

138 1914 239 1962 agerem
256 1900 281 1946 in
300 1900 388 1946 iisdem
406 1900 501 1946 riiurnis
513 1899 675 1954 Halcnsibus;
694 1898 801 1960 denique
818 1898 939 1960 quidquid
955 1907 1043 1961 postea
1061 1899 1168 1947 emenda

138 1967 234 2014 tionum
252 1966 385 2013 subnotem
405 1972 469 2020 erat,
496 1974 553 2012 ante
576 1973 672 2028 septem
695 1979 774 2012 aranos
792 1965 817 2011 in
836 1963 882 2010 lrae
900 1964 1007 2012 editione
1024 1966 1170 2029 exprompsi

141 2033 221 2090 Quare
238 2046 292 2079 mco
310 2031 371 2078 milri
388 2032 441 2078 iure
458 2039 511 2078 turn
528 2030 629 2079 videbar
641 2032 755 2094 scriptori
768 2031 858 2079 totiens
871 2037 1017 2094 pertractato
1030 2032 1171 2079 valedicere

141 2099 180 2146 cui
196 2112 241 2161 pro
260 2099 324 2145 virili
340 2106 410 2161 parte
427 2099 547 2145 auxilium
564 2098 689 2155 tulissem,
708 2112 754 2145 nec
773 2099 827 2146 siue
843 2097 924 2144 taedio
942 2097 974 2144 ad
992 2111 1035 2145 eos
1052 2112 1093 2145 me
1112 2098 1174 2146 loeo

140 2165 276 2212 rediturum
288 2167 418 2228 putabam,
437 2165 565 2226 inquibus
579 2164 740 2211 emendandis
753 2163 834 2212 adimo
845 2164 937 2211 li'ustra
949 2164 1116 2220 laborassem
1134 2178 1167 2211 ne

141 2247 189 2292 quo
201 2232 273 2279 ctiam
286 2246 351 2279 nova
367 2232 471 2278 aliorum
484 2246 524 2278 me
541 2230 680 2278 allexerunt
697 2230 790 2287 studia,
811 2238 839 2276 ut
856 2230 974 2292 pristinas
992 2244 1063 2278 curas
1080 2238 1167 2294 repete

139 2312 204 2354 rem;
223 2312 295 2345 neam
314 2299 379 2344 enim
397 2312 428 2343 cx
444 2298 487 2344 illo
504 2305 616 2360 tempore
633 2305 746 2360 repertus
765 2305 813 2351 est,
834 2297 876 2357 qui
893 2297 1022 2344 assiduam
1036 2310 1138 2359 operam
1153 2296 1162 2344 i

143 2363 236 2409 Velleio
254 2371 370 2426 poneret;
388 2363 462 2424 pauci
474 2378 532 2409 eum
543 2378 558 2410 a
570 2363 654 2409 limine
667 2363 836 2410 salutaverunt
848 2377 928 2410 unum
942 2363 1080 2411 alterumve
1096 2362 1153 2411 locu
1170 2383 1174 2404 ι

140 2438 297 2491 temptantes.
333 2429 419 2489 Itaque
437 2443 518 2489 neque
536 2429 677 2491 expectanti
693 2428 752 2475 milri
766 2444 811 2475 nee
827 2430 935 2491 cupienti
947 2429 1048 2487 accidit,
1067 2436 1095 2476 ut
1107 2444 1167 2493 repe

139 2494 216 2541 tenda
227 2509 293 2541 rrune
304 2493 366 2541 haee
378 2495 452 2542 editio
466 2502 545 2552 essct,
565 2495 597 2542 ad
615 2510 687 2556 quam
706 2509 807 2558 operam
819 2502 898 2542 totum
910 2511 950 2542 me
961 2497 1111 2559 imparatum
1124 2510 1174 2545 css

139 2560 268 2615 videbam:
286 2562 386 2624 pigebat
398 2576 457 2608 vero
469 2575 549 2624 pauca
561 2568 585 2608 et
596 2560 684 2609 frivola
696 2560 820 2624 prolerre,
841 2577 904 2623 quae
919 2576 970 2609 non
988 2562 1117 2623 quaerenti
1134 2562 1167 2611 ob

141 2627 190 2674 lata
212 2634 294 2685 crant,
319 2642 365 2675 nec
381 2630 484 2676 vacabat
502 2642 567 2675 nova
584 2643 710 2689 quaerere.
747 2630 832 2689 ltaque
856 2642 935 2675 meam
958 2629 1068 2691 inopiam
1091 2628 1174 2675 alien'

141 2694 232 2742 divitiis
246 2694 418 2742 consolaturus
431 2695 523 2742 amicos
536 2694 598 2748 adii3
617 2708 663 2741 nee
675 2694 780 2743 frustra:
799 2702 826 2741 ut
839 2695 904 2741 enim
917 2696 1008 2741 eximia
1020 2695 1077 2742 dote
1088 2708 1155 2741 nova

140 2760 205 2808 hano
217 2760 349 2808 editionem
362 2774 451 2807 ornare
462 2774 578 2823 possem,
597 2759 690 2807 sactum
702 2769 740 2808 cst
752 2761 844 2822 insigni
856 2760 975 2809 beneficio
988 2760 1144 2809 Mommsenii
1157 2776 1171 2807 e

141 2826 282 2887 Bernaysii.
303 2827 344 2887 qui
357 2840 418 2886 quas
430 2827 455 2872 in
467 2833 585 2889 promptu
597 2824 719 2875 habebant
732 2827 917 2874 emendationes
929 2827 1072 2875 Velleiauas
1089 2826 1167 2875 libera

141 2893 196 2939 liter
208 2891 267 2938 mihi
280 2900 469 2943 concesserunt,
489 2907 540 2940 non
558 2892 613 2939 illas
627 2893 727 2953 quidem
739 2906 768 2940 ea
779 2900 861 2940 mente
872 2908 918 2956 per
929 2894 1054 2955 margines
1070 2906 1171 2956 sparsas

142 2966 169 3006 ut
187 2959 303 3005 continuo
322 2959 348 3005 in
366 2959 476 3005 ordinem
494 2960 664 3021 reciperentur
680 2973 830 3020 morosoque
841 2972 870 3006 ae
883 2960 967 3008 timido
981 2960 1068 3008 editori
1081 2958 1168 3007 satisl'a

143 3032 239 3082 nerent,
258 3025 303 3072 sed
315 3038 380 3085 quae
391 3032 474 3072 tamen
487 3032 511 3072 et
521 3025 727 3073 iucundissimum
741 3033 764 3072 et
776 3025 936 3073 utilissimum
947 3026 1023 3073 critici
1036 3026 1130 3089 negotii
1142 3026 1168 3073 iu

142 3098 307 3138 strumentum
319 3092 369 3138 sint
380 3089 505 3152 huiusque
518 3091 632 3138 editionis
644 3091 718 3154 plane
729 3084 866 3154 τηλαυγὲς
878 3084 1038 3154 πρόσωπον.
1073 3092 1117 3139 His
1135 3104 1166 3153 eg

143 3157 222 3204 adieci
232 3157 272 3205 vel
285 3172 340 3205 mea
352 3157 473 3219 quaedam
485 3156 524 3204 vel
537 3157 630 3214 alicna3
647 3158 703 3220 ipsa
719 3172 776 3205 vero
789 3158 878 3205 Velleii
894 3160 970 3207 verba
985 3158 1114 3206 rarissime
1125 3171 1166 3205 mu

142 3224 205 3281 tavi,
228 3224 286 3284 quia
302 3237 351 3271 non
371 3223 439 3271 licuit
457 3224 539 3271 denuo
557 3232 637 3271 totum
648 3223 737 3271 librum
750 3224 892 3286 diligentius
905 3232 930 3271 et
940 3238 991 3272 uno
1003 3236 1093 3272 tenore
1105 3236 1167 3271 exoa

141 3296 206 3345 tere,
226 3290 257 3335 de
274 3290 379 3351 singulis
397 3298 480 3337 autern
497 3290 558 3337 locis
576 3290 683 3352 sparsim
695 3290 824 3337 consilium
838 3305 926 3354 capere
938 3304 1027 3353 parum
1039 3289 1170 3337 considere

141 3363 195 3401 tum
206 3355 344 3402 videbatur.

209 3420 247 3469 De
258 3421 352 3468 Velleio
372 3420 472 3482 quidem
491 3422 546 3484 ipso
564 3421 624 3482 quid
641 3423 758 3479 seutiam,
778 3422 830 3470 dixi
847 3423 873 3469 in
893 3422 989 3471 diurnis
1001 3421 1057 3470 Hal.
1069 3434 1094 3469 a.
1108 3418 1171 3468 1841

141 3485 189 3535 No.
205 3485 260 3534 ltu.
286 3500 331 3533 nec
349 3494 477 3549 praeterea
496 3486 575 3535 habeo
595 3502 658 3549 quae
674 3497 732 3552 post
745 3488 883 3552 Sauppium
895 3488 1067 3551 Kritziumque
1083 3486 1173 3536 addam

141 3554 190 3601 nisi
209 3552 277 3615 quod
292 3555 418 3601 mentione
430 3554 520 3615 dignus
533 3555 632 3601 videtur
643 3555 671 3603 L.
685 3554 796 3603 Velleius
807 3555 966 3613 Paterculus,
986 3556 1031 3616 qui
1044 3568 1071 3619 p.
1086 3551 1144 3605 cnr.
1157 3566 1172 3599 n
