2422 4200
236 350 447 411 ursroarnu
468 349 661 411 nounnua
682 352 723 424 u,
745 358 789 411 ao.
805 358 849 411 ar.
992 348 1046 410 331

88 496 225 580 rinter
240 503 372 562 maxima
392 504 421 561 in
439 504 559 563 civitate
581 505 677 564 libera
692 505 877 580 dominaque
898 506 1034 578 gentium

88 557 209 681 {ignari
226 602 295 645 cum
311 587 408 645 omnis
425 587 500 647 civis
516 589 581 646 iure
593 587 720 646 haberet
732 604 832 660 pares,
848 605 1034 662 quemquam

88 644 212 739 {uatem
228 669 354 744 dignitat
355 685 372 728 e
388 671 577 744 conspicere.
604 669 718 729 Hieat
707 678 779 744 toga
793 673 870 729 virili
886 674 1033 733 adsuetus
1047 678 1065 731 3

108 753 203 812 rnrilit
184 761 225 812 tro
249 753 479 824 prudentissimi
500 754 603 824 duciS,
626 755 761 827 parentis
783 756 845 827 sui,
867 754 982 813 bonum
1004 762 1035 814 et

88 852 152 928 ax
167 842 252 894 recta
265 836 426 895 discendi
418 837 571 910 ingenium
588 837 734 918 singulari
748 853 848 896 rerum
862 838 1033 897 militarium

88 890 212 977 udentia
232 921 423 990 excoluerat,
452 926 485 978 ut
505 935 523 978 a
544 919 678 979 Sertorio
699 910 837 980 Metellus
860 922 1035 979 laudaretur

88 1002 167 1073 igis,
188 1000 353 1075 Pompeius
368 1003 523 1062 timeretur
539 1003 677 1062 validius.

91 1094 97 1121 ¹
134 1083 225 1142 XXX
253 1083 316 1123 ***
334 1086 463 1146 Tumllll.
479 1085 633 1182 Perperna
655 1085 841 1161 praetorius,
867 1087 1033 1160 eprcscri-
1049 1099 1064 1149 1

88 1130 123 1238 is,
140 1167 238 1240 gentis
255 1168 393 1228 clarioris
411 1185 499 1243 quam
513 1168 613 1240 animi,
630 1169 818 1230 Sertorium
811 1178 889 1230 mter
905 1187 1034 1231 coenam

88 1264 153 1308 scae
173 1250 203 1308 in
205 1251 323 1311 teremit
336 1252 547 1328 Romanisque
567 1260 680 1313 certam
699 1254 872 1324 victoriam,
894 1263 962 1327 part
952 1256 1032 1313 tibus

88 1332 119 1392 tis
135 1333 295 1407 excidium,
312 1336 370 1396 sibi
384 1337 591 1411 turpissimam
605 1344 733 1396 mortem
745 1338 881 1410 pessimo
894 1345 1033 1396 auctora-

88 1424 97 1476 t
110 1418 255 1478 facinore.
277 1420 417 1479 Metellus
430 1427 459 1479 et
469 1419 634 1494 Pompeius
647 1435 686 1478 ex
697 1420 854 1494 Hispaniis
869 1421 1032 1493 triumpha·
1047 1432 1065 1482 2

88 1508 175 1571 arunt,
193 1502 249 1561 sed
261 1502 434 1577 Pompeius,
450 1503 510 1564 hoc
523 1519 647 1577 quoque
659 1503 810 1577 triumpho
824 1503 925 1561 adhuc
937 1518 1034 1575 eques

88 1600 218 1658 >manus
232 1593 301 1644 ante
313 1588 392 1644 diem
406 1602 496 1659 quam
509 1589 700 1645 consulatum
712 1586 808 1657 iniret,
826 1601 916 1643 curru
927 1585 1034 1643 urbem

88 1673 192 1725 vectus
208 1674 264 1726 est.
288 1668 382 1740 Quem
395 1669 495 1727 virum
511 1669 579 1742 quis
595 1684 656 1727 non
672 1668 795 1726 miretur
808 1683 864 1741 per
877 1674 922 1726 tot
936 1675 1034 1726 extra·
1050 1677 1067 1730 3

88 1751 210 1809 dinaria
231 1752 357 1825 imperia
378 1753 409 1809 in
430 1767 579 1811 summum
599 1752 753 1824 fastigium
768 1757 907 1810 evectum
928 1751 1033 1825 iniquo

87 1834 162 1893 lisse
178 1833 278 1893 animo
295 1835 325 1895 C·
342 1835 482 1894 Caesaris
497 1835 527 1893 in
544 1836 638 1895 altero
655 1837 817 1916 consulatu
835 1834 969 1908 petendo
985 1850 1034 1894 se—

88 1924 155 1976 rtum
171 1920 382 1992 populumque
396 1919 567 1979 Romanum
582 1919 730 1978 rationem
745 1918 873 1978 habere:
895 1918 974 1978 adeo
992 1920 1034 1976 fa-

88 1999 169 2059 iliarc
190 2009 238 2061 cst
262 2001 436 2062 hominibus
458 1995 560 2062 omnia
585 2001 644 2061 sibi
668 2001 845 2076 ignoscere,
870 2001 944 2060 nihil
967 2002 1033 2060 aliis

89 2084 220 2158 mittere,
242 2092 272 2144 et
285 2084 430 2144 invidiam
444 2101 547 2144 rerum
568 2102 628 2144 non
649 2087 687 2144 ad
709 2101 834 2144 causam
855 2086 912 2143 scd
927 2086 1034 2144 advo-

88 2175 199 2226 ntatem
214 2182 430 2242 personasque
445 2168 585 2239 dirigere.
610 2169 677 2227 Hoc
694 2171 855 2226 consulatu
868 2168 1033 2242 Pompeius
1048 2181 1067 2234 4

88 2250 245 2308 ibuniciam
269 2256 450 2322 potestatem
477 2250 621 2323 restituit,
651 2250 736 2310 cuius
763 2251 847 2311 Sulla
872 2252 1034 2325 imaginem

88 2350 118 2390 te
139 2348 174 2388 re
193 2331 366 2404 reliquerat.
395 2333 473 2391 Dum
489 2331 694 2394 Sertorianum
715 2334 827 2395 bollum
841 2335 872 2394 in
886 2334 1035 2408 Hispania
1050 2349 1067 2399 5

88 2413 184 2483 tritur,
202 2415 362 2487 sexaginta
377 2422 518 2488 quattuor
532 2416 648 2489 fugitivi
662 2434 679 2476 c
694 2419 766 2477 ludo
782 2418 963 2492 gladiatorio
981 2420 1034 2478 Ca-

87 2513 118 2555 ra
133 2496 344 2569 profugientes
361 2499 440 2557 duce
455 2497 603 2572 Spartaco
619 2501 713 2573 raptis
730 2517 769 2558 ex
784 2516 821 2559 ea
835 2501 911 2559 urbe
925 2502 1035 2574 gladiis

88 2581 154 2637 imo
171 2581 341 2639 Vesuvium
356 2589 488 2641 montem
503 2581 634 2654 petiere,
656 2597 727 2640 mox
744 2589 901 2640 crescente
922 2585 951 2640 in
968 2583 1035 2641 dies

88 2663 247 2723 altitudine
264 2666 411 2738 gravibus
431 2665 588 2739 variisque
609 2663 732 2724 casibus
748 2666 891 2724 adfecere
905 2665 1033 2732 Italiam;

88 2763 188 2807 rorum
203 2762 347 2807 numerus
361 2749 391 2806 in
406 2754 522 2808 tantum
537 2748 685 2821 adulevit‚
708 2757 741 2809 ut
756 2764 816 2823 qua
831 2748 934 2807 ultima
949 2747 1035 2806 dimi-

88 2845 167 2889 .vere
182 2831 263 2903 acic,
279 2838 400 2891 centum
416 2839 446 2892 et
460 2830 565 2906 viginti
579 2830 661 2890 milia
676 2833 831 2892 hominum
846 2848 881 2890 se
895 2832 1034 2891 Romano

88 2912 203 2973 :ercitui
216 2916 427 2988 opposuerint.
450 2915 547 2974 Huius
561 2916 668 2989 patrati
679 2914 777 2989 gloria
788 2931 884 2991 penes
896 2915 936 2974 Μ.
947 2917 1034 2975 Cras-

88 3013 124 3057 m
140 2997 209 3065 fuit,
233 3014 305 3057 mox
320 2998 507 3073 reipublicae
522 3000 621 3058 omnis
637 3000 816 3075 principem.

134 3080 239 3138 XXXI.
272 3082 468 3142 converterat
482 3083 533 3142 Cn.
548 3082 673 3156 Pompei
695 3100 830 3157 persona
843 3090 940 3141 totum
954 3082 984 3136 in
1000 3095 1035 3137 sc
1051 3085 1063 3134 l

88 3178 204 3222 rrarum
221 3165 325 3224 orbem
341 3174 370 3225 et
385 3182 439 3240 per
455 3167 556 3225 omnia
578 3166 675 3223 maior
693 3171 756 3224 cave
774 3165 958 3230 habebatur;
983 3161 1035 3236 qui

88 3263 125 3307 un
149 3251 258 3307 consul
281 3264 429 3323 perquam
450 3248 640 3307 laudabiliter
662 3248 794 3307 iurasset
814 3263 849 3306 se
871 3247 900 3304 in
923 3245 1035 3305 nullam

90 3330 244 3390 ovinciam
256 3347 343 3392 exeo
356 3333 533 3406 magistratu
547 3330 657 3390 iturum
672 3331 766 3406 idque
782 3337 947 3403 servasset,
964 3336 1036 3404 post

88 3414 212 3473 ennium
225 3416 263 3475 A.
282 3415 428 3475 GabInius
445 3415 582 3474 tribunus
603 3416 701 3489 legem
722 3416 801 3488 tulit,
827 3423 859 3475 ut
875 3430 943 3473 cum
964 3414 1035 3471 belli

88 3513 154 3567 ore,
173 3515 233 3557 non
249 3500 491 3574 latrociniorum,
513 3499 617 3557 orbern
633 3500 784 3567 classibus
799 3502 873 3571 iarn,
895 3514 957 3557 non
974 3498 1037 3562 tur·

92 3581 220 3640 virtu.
236 3581 364 3644 Parent.
849 3590 868 3652 β
