2348 4222
210 380 254 443 44
485 380 525 438 Μ.
548 378 690 438 VELLEI
711 378 927 437 PATERCULI

212 536 242 595 in
264 535 361 609 gloria
387 532 637 606 concupiscenda
657 537 709 589 aut
729 529 853 589 modum
874 534 962 587 norat
981 534 1032 585 aut
1054 526 1173 600 capieb.

180 624 197 677 3
212 619 379 679 terminum.
404 616 493 675 Hunc
509 614 756 690 proficiscentem
769 614 799 671 in
814 612 934 689 Syriam
947 611 1019 669 diris
1036 626 1103 668 cum
1120 627 1167 668 om

210 701 301 761 nibus
338 699 449 760 tribuni
479 698 577 773 plebis
607 699 719 757 trustra
753 697 883 757 retinere
913 695 1028 765 conati,
1065 710 1163 767 quoru

212 785 425 844 execrationes
451 783 478 842 si
503 783 534 840 in
559 784 660 856 ipsum
679 780 887 840 tantummodo
911 779 1092 848 valuissent,
1121 778 1163 837 uti

210 867 405 941 imperatoris
431 866 575 925 damnum
599 865 686 924 salvo
708 863 843 922 exercitu
866 862 975 921 luisset
995 861 1174 935 reipublica

179 955 197 1007 4
210 952 451 1024 transgressum
457 949 632 1024 Euphraten
642 949 786 1008 Crassum
797 952 1014 1021 petentemque
1022 943 1174 1021 Seleucia¹

212 1034 407 1094 circumfusis
429 1033 611 1092 immanibus
634 1030 733 1106 copiis
754 1030 890 1103 equitum
913 1044 968 1088 rex
991 1026 1110 1088 Orodes
1133 1045 1154 1086 u

212 1134 281 1177 cum
296 1124 383 1192 parte
398 1120 513 1177 maiore
527 1116 656 1177 Romani
676 1117 829 1175 exercitus
849 1112 1007 1172 interemit.
1037 1112 1158 1186 Reliqui

105 1206 113 1219 “
211 1202 366 1275 legionum
389 1201 419 1261 C.
443 1201 584 1274 Cassius,
610 1197 793 1260 atrocissimi
815 1212 888 1257 mox
909 1203 1016 1256 auctor
1039 1194 1174 1255 facinori

212 1292 275 1345 tum
304 1290 464 1359 quaestor,
494 1285 691 1345 conservavit
719 1281 902 1361 Syriamque
927 1280 1006 1339 adeo
1030 1280 1061 1337 in
1090 1295 1153 1353 pop

210 1368 340 1428 Romani
356 1375 508 1442 potestate
521 1366 652 1441 retinuit,
667 1375 701 1428 ut
714 1372 927 1439 transgressos
942 1364 972 1423 in
987 1378 1055 1423 eam
1135 1363 1146 1410 Γ

211 1452 293 1512 lelici
307 1468 407 1511 rerum
423 1460 534 1511 eventu
550 1452 668 1525 lugaret
682 1466 718 1509 ac
734 1450 883 1508 tunderet.

181 1542 195 1591 l
294 1536 411 1595 XLVll.
439 1535 497 1595 Per
518 1536 595 1594 haee
617 1531 874 1608 insequentiaque
895 1537 1018 1605 atquae
1040 1529 1153 1605 prae'

211 1634 279 1678 mus
300 1626 439 1694 tempora
461 1619 591 1694 amplius
612 1618 717 1678 decies
732 1624 862 1677 centena
882 1614 962 1674 mitia
976 1614 1155 1674 hostiumr

212 1702 345 1760 caesare
361 1718 453 1760 caesa
468 1709 547 1774 sunt,
563 1703 651 1775 plura
662 1707 768 1775 capta;
785 1704 952 1775 pugnatum
968 1713 1065 1773 saepe
1079 1698 1151 1757 dua

211 1782 292 1853 aoie,
310 1798 405 1857 saepo
420 1784 451 1840 in
466 1784 652 1857 agminibus,
675 1799 770 1858 saepe
786 1781 1013 1858 eruptionibus,
1035 1781 1086 1842 bis
1101 1796 1150 1856 tp

212 1870 289 1923 trata
308 1864 480 1937 Britannia,
503 1881 614 1926 novem
633 1867 768 1941 denique
788 1866 955 1927 aestatibus
976 1867 1030 1925 vix
1050 1867 1113 1925 ulla
1136 1890 1152 1917 o

213 1948 400 2008 iustissimus
416 1947 588 2024 triumphus
604 1950 764 2019 emeritus;
786 1951 866 2010 circa
880 1949 1018 2009 Alesiam
1034 1962 1111 2009 vero
1142 1971 1151 1999 u

212 2040 260 2091 tae
280 2048 331 2091 res
352 2040 472 2107 gestae,
499 2040 630 2108 quantas
652 2034 766 2093 uuidere
790 2033 843 2093 vix
867 2031 1015 2107 hominis,
1043 2033 1159 2109 peril-11

185 2128 311 2191 apaene
331 2118 443 2176 nullius
465 2117 523 2176 nisi
546 2118 595 2177 dei
617 2118 714 2177 luerit.
749 2118 853 2189 Quinto
873 2117 969 2175 lerme
984 2132 1068 2177 anno
1083 2116 1150 2175 Caes

211 2201 387 2260 morabatur
401 2202 429 2258 in
441 2201 553 2271 Galliis,
570 2217 637 2260 cum
650 2201 783 2260 medium
796 2202 854 2259 ianr
867 2216 907 2259 ex
920 2198 1037 2259 invidia
1045 2206 1156 2277 poten

210 2275 287 2342 mule
302 2284 493 2341 cohaerentis
509 2282 586 2342 inter
598 2285 649 2342 Cn.
662 2284 839 2358 Pompeium
854 2291 884 2344 et
898 2284 928 2344 C.
943 2283 1104 2343 Caesarem
1115 2298 1159 2343 co

211 2365 337 2423 cordiae
353 2364 463 2437 pignus
478 2365 568 2436 iulia,
584 2382 664 2426 uxor
678 2367 795 2440 Magni,
811 2367 961 2435 decessit;
984 2375 1079 2443 atque
1093 2382 1155 2427 omn»

211 2447 288 2505 inter
305 2447 474 2507 destinatos
497 2455 580 2507 tanto
596 2449 764 2509 discrimini
779 2450 874 2509 duces
890 2450 1050 2511 dirimente
1071 2451 1155 2511 tort

210 2529 291 2588 lilius
314 2546 438 2605 quoque
464 2544 578 2604 parvus
598 2531 738 2608 Pompei,
762 2535 838 2593 Iulia
864 2541 969 2607 natus,
995 2535 1075 2594 intra
1098 2534 1157 2594 bre

178 2617 196 2671 3
211 2612 344 2687 spatium
360 2615 442 2675 obiit.
475 2615 550 2674 'lum
571 2617 600 2673 in
622 2616 742 2689 gladios
759 2618 926 2691 caedisque
942 2617 1054 2679 civium
1072 2617 1138 2677 lure

211 2699 334 2771 ambitu,
350 2700 439 2758 cuius
454 2714 557 2772 neque
572 2700 641 2758 linis
655 2701 864 2773 reperiebatur
879 2717 936 2761 neo
950 2702 1069 2775 modus,
1082 2700 1158 2759 terti

212 2783 390 2840 consulatus
417 2780 475 2839 soli
499 2781 551 2839 Cn.
566 2781 711 2855 Pompeio
734 2783 823 2842 etiam
850 2785 1079 2847 adversantium
1102 2798 1159 2843 an

211 2862 348 2934 dignitati
364 2863 429 2922 eius
446 2864 557 2924 iudicio
574 2864 693 2924 delatus
708 2875 769 2939 est,
787 2868 874 2927 cuius
889 2866 939 2929 ille
953 2868 1083 2930 honoris
1097 2867 1144 2941 glo

209 2944 304 3003 veluti
325 2947 528 3006 reconciliatis
545 2947 603 3007 sibi
619 2948 814 3022 optimatibus
829 2953 961 3010 maxime
977 2968 998 3011 a
1013 2950 1044 3011 G.
1063 2952 1116 3013 Ca
1128 2993 1133 3002 .
1144 2973 1159 3000 e*

210 3026 362 3089 alienatus
378 3037 440 3099 est;
466 3030 522 3089 scd
537 3031 603 3090 eius
620 3032 798 3092 consulatus
814 3050 935 3094 omnem
955 3034 1018 3095 vim
1033 3035 1065 3095 in
1080 3050 1137 3097 cor
1153 3071 1161 3100 2

175 3119 194 3172 4
209 3112 322 3173 tionem
346 3114 478 3173 ambitus
494 3115 639 3175 exercuit.
670 3115 736 3188 Quo
757 3123 895 3192 tempore
908 3117 940 3176 P.
957 3118 1088 3179 clodius
1108 3134 1128 3179 a
1144 3163 1162 3182 1,

209 3195 295 3269 lone,
318 3198 481 3257 candidato
498 3196 692 3272 consulatus,
714 3203 855 3275 exemplo
870 3200 982 3273 inutili,
1008 3202 1093 3265 lacto
1119 3227 1139 3253 :v
1153 3195 1163 3230 ³

210 3279 265 3335 tari
288 3281 476 3352 reipublicae
498 3282 580 3341 circa
593 3282 730 3342 Bovillas
745 3291 902 3344 contracto
917 3300 956 3343 ex
971 3300 1110 3346 occursu
1144 3284 1158 3359 “,

208 3360 363 3433 iugulatus
376 3371 431 3422 cst.
454 3364 599 3424 Milonem
610 3382 695 3425 reum
708 3383 768 3426 non
781 3369 877 3441 magis
889 3366 1006 3428 invidia
1017 3368 1123 3444 lactiq
1165 3431 1167 3434 .

206 3441 335 3518 Pompei
350 3447 504 3505 damnavit
518 3450 676 3518 voluntas3
699 3466 789 3524 quem
805 3450 929 3524 quidem
943 3451 983 3511 M.
1001 3452 1078 3515 cato
1094 3452 1158 3529 pal

206 3527 269 3586 lata
284 3528 418 3590 absolvit
433 3531 598 3600 sententia}
623 3534 675 3607 qui
696 3532 724 3592 si
739 3533 884 3594 maturius
901 3536 1038 3609 tulisset,
1060 3551 1125 3595 non
1147 3536 1162 3584 »s

207 3611 339 3672 luissent
365 3613 416 3688 qui
442 3622 644 3688 sequerentur
669 3618 842 3691 exemplum
867 3618 1102 3695 probarentque
1125 3632 1161 3679 eu
