2348 4222
164 376 204 441 10
451 376 492 435 M.
508 374 650 435 vultur
664 374 882 434 PATERCULI

161 549 217 607 per
230 532 308 591 inter
323 545 406 589 arma
420 544 457 589 ac
474 528 576 589 studia
588 534 727 587 versatus
743 533 795 585 aut
810 542 922 599 corpus
936 524 1080 599 periculis
1093 534 1143 585 aut

127 629 146 683 4
161 616 294 675 animum
309 611 478 687 d1sciplinis
494 611 637 671 exercuit.
669 610 831 669 Mummius
846 616 907 668 tam
919 609 1004 668 rudis
1020 609 1087 680 luit,
1111 618 1143 667 ut

161 706 252 772 capta
263 697 404 756 Corintho
420 711 488 754 oum
500 693 701 755 trraximorum
716 692 865 752 artificum
880 694 1032 768 perlectas
1048 693 1141 751 mani-

160 782 218 840 bus
231 781 350 840 tabulas
363 797 399 839 ac
412 785 527 839 statuas
539 778 570 837 in
582 777 698 838 ltaliam
711 778 877 851 portandas
889 778 1012 849 locaret,
1026 775 1143 834 iuberet

161 864 298 938 praedici
319 862 576 933 conducentibus
602 863 629 921 si
648 877 702 921 eas
724 860 944 935 perdidissent,
972 875 1069 918 novas
1086 874 1142 919 eos

128 947 345 1015 sreddituros.
374 948 442 1006 Non
457 954 558 1006 tomen
581 953 654 1021 puto
673 945 808 1018 dubites,
823 943 933 1013 Vinici,
958 944 1029 1017 quin
1045 943 1141 1017 magis

159 1047 216 1106 pro
239 1029 397 1104 republica
418 1030 508 1090 luerit
527 1044 651 1088 manere
671 1028 771 1087 adhuc
800 1028 907 1086 rudem
922 1026 1142 1087 Corinthiorum

159 1114 358 1184 intellectum,
376 1112 512 1186 quentin
529 1118 643 1171 tanturn
659 1127 695 1170 ea
710 1110 843 1184 intelligi,
867 1116 896 1169 et
912 1108 984 1184 quin
996 1109 1054 1168 hac
1070 1126 1141 1183 pru-

161 1196 263 1255 dentia
276 1197 327 1254 illo
341 1196 544 1270 imprudentia
555 1194 659 1254 decori
672 1194 795 1268 publico
808 1191 897 1253 luerit
905 1194 1142 1253 convenientior.

244 1280 324 1338 XIV.
365 1278 439 1339 Cum
460 1278 579 1338 facilius
596 1277 746 1351 cuiusque
766 1276 811 1335 rei
833 1277 862 1335 in
878 1292 972 1336 unum
987 1283 1142 1335 contracta

160 1363 299 1438 specieS,
316 1378 408 1436 quam
423 1362 523 1422 divisa
535 1361 724 1436 temporibus
740 1358 837 1420 oculis
853 1358 1024 1433 animisque
1037 1359 1140 1418 inhae-

158 1452 233 1519 reat,
256 1446 345 1504 statui
360 1446 493 1519 priorem
508 1446 598 1504 huius
617 1445 777 1503 voluminis
792 1444 1057 1518 posterioremque
1073 1459 1140 1516 par-

158 1536 219 1588 tern
240 1544 301 1587 non
321 1529 417 1588 inutili
440 1545 541 1589 rerum
562 1527 668 1588 notitia
688 1528 718 1588 in
741 1532 837 1586 artum
859 1533 1015 1585 contracta
1036 1527 1141 1585 distin·
1156 1551 1174 1578 <J

159 1627 252 1686 gnere
267 1618 359 1687 atque
370 1612 442 1672 huic
456 1613 525 1672 loco
537 1613 672 1670 inserere
685 1627 765 1685 quae
780 1625 904 1685 quoque
918 1618 1056 1684 ternpore
1071 1625 1129 1686 pos
1172 1627 1173 1630 ¹

158 1696 287 1754 Romam
298 1711 316 1752 a
329 1695 421 1753 Gallis
435 1702 554 1769 captam
565 1693 696 1753 deducta
711 1693 750 1753 sit
765 1694 885 1752 colonia
899 1693 987 1752 iussu
999 1703 1139 1764 senatus;

158 1793 230 1836 nam
244 1776 417 1836 militarium
432 1784 462 1836 et
471 1793 584 1837 causae
600 1784 630 1836 et
641 1783 783 1836 auctores
798 1793 838 1836 ex
856 1776 993 1851 ipsarum
1008 1780 1140 1852 praesul·

159 1867 232 1934 gent
246 1860 378 1918 nornine.
410 1860 487 1919 Huic
501 1862 545 1920 rei
564 1860 714 1934 peridem
729 1867 851 1935 tempus
867 1859 1018 1919 civitatem
1029 1878 1140 1934 propa-

44 2004 45 2009 ,
159 1949 261 2016 gataur
286 1951 469 2017 auctumque
488 1946 659 2005 Romanum
687 1959 799 2002 nomen
829 1943 1043 2003 communione
1065 1946 1140 2002 iuris

126 2025 243 2096 phaud
258 2027 471 2101 intempestive
487 2028 656 2089 subtexturi
670 2028 818 2087 videmur.
853 2027 927 2087 Post
948 2033 1065 2101 septem
1087 2044 1140 2085 an·

159 2126 227 2184 nos,
241 2126 333 2184 quam
345 2111 420 2171 Galli
436 2113 541 2171 urbem
555 2118 709 2185 ceperunt,
727 2109 859 2171 Sutrium
875 2110 1007 2171 deducta
1021 2110 1140 2169 colonia

159 2200 207 2252 est
222 2201 252 2252 et
266 2201 338 2269 post
350 2210 462 2254 annum
478 2194 562 2255 Setia
576 2210 748 2269 novemque
760 2192 923 2255 interiectis
938 2195 1026 2253 annis
1037 2194 1139 2268 Nepe;

160 2276 270 2334 deinde
286 2278 473 2349 interpositis
490 2279 611 2337 duobus
632 2285 663 2336 et
681 2277 800 2351 triginta
813 2278 929 2336 Aricini
942 2278 973 2337 in
990 2279 1139 2338 civitatem

127 2359 284 2432 :trecepti
318 2357 439 2417 Ablnnc
467 2375 564 2419 annos
596 2367 696 2419 autem
724 2367 878 2421 trecentos
903 2363 1064 2435 sexagmta
1086 2360 1139 2436 Sp.

157 2441 331 2516 Postumio,
353 2442 479 2501 Veturio
496 2442 619 2503 Calvino
642 2445 820 2504 consulibus
835 2443 995 2520 Campanis
1008 2445 1079 2503 data
1094 2452 1141 2502 est

159 2523 266 2583 civitas
289 2524 430 2599 partique
445 2524 623 2586 Samnitium
639 2528 705 2587 sine
717 2527 874 2602 suffragio,
890 2534 921 2586 et
934 2528 1044 2587 eodem
1059 2543 1138 2586 enno

131 2605 247 2667 acates
260 2609 391 2668 deducta
404 2611 533 2670 colonia.
559 2611 719 2672 interiecto
735 2612 846 2671 deinde
861 2611 989 2670 triennio
1000 2609 1139 2670 Fundani

158 2692 345 2753 etFormiani
361 2694 392 2751 in
408 2693 559 2751 civitatem
576 2694 691 2767 recepti
707 2711 743 2754 eo
751 2694 821 2770 ipso
833 2711 923 2768 anno,
935 2710 996 2768 quo
1006 2694 1138 2752 Alexan-

158 2774 233 2832 drea
247 2775 371 2833 oondita
385 2783 446 2846 est,
462 2774 756 2851 insequentibusque
774 2777 952 2839 consulibus
980 2793 999 2837 a
1019 2775 1136 2851 spro-

157 2855 278 2928 stumio,
294 2855 554 2917 PhilonePublilio
571 2860 751 2920 censoribus
764 2861 930 2923 Acerranis
945 2862 1018 2923 data
1032 2860 1139 2921 civitas

158 2944 188 2997 et
202 2946 275 3013 post
296 2939 456 2999 triennium
471 2940 635 3001 Tarracina
650 2944 781 3005 deducta
803 2944 924 3006 colonia
943 2943 1134 3019 interposito-

158 3037 218 3096 que
245 3022 445 3098 quadriennio
470 3024 601 3085 Luceria
625 3042 662 3085 ao
688 3028 798 3087 deinde
824 3030 979 3088 interiecto
1009 3026 1137 3085 triennio

158 3105 275 3167 Suessa
285 3109 432 3168 Aurunca
447 3115 476 3169 et
489 3108 630 3182 Saticula,
646 3111 878 3187 Interamnaque
889 3116 960 3187 post
972 3109 1138 3170 biennium.

131 3191 269 3249 aDecem
290 3193 403 3252 deinde
423 3193 483 3254 hoc
498 3209 624 3253 munere
640 3195 710 3253 anni
735 3203 938 3264 vacaverunt3
969 3201 1040 3253 tunc
1061 3193 1140 3254 Sora

156 3280 249 3345 atque
263 3275 343 3332 Alba
359 3277 508 3336 deductae
525 3278 673 3350 coloniae,
689 3285 719 3337 et
734 3278 871 3339 Carseoli
886 3286 960 3353 post
973 3278 1138 3337 biennium.

156 3358 197 3413 nt
207 3355 240 3427 Q.
252 3355 346 3416 Fabio
361 3358 505 3432 quintum,
518 3360 611 3420 Decio
622 3362 708 3420 Mure
721 3370 860 3437 quartum
874 3361 1061 3433 oonsulibus,
1075 3376 1137 3433 quo

157 3454 237 3498 anno
258 3438 393 3515 Pyrrhus
414 3456 544 3514 regnare
569 3446 684 3520 coepit,
712 3445 894 3506 Sinuessam
908 3446 1138 3517 Minturnasque

156 3521 242 3580 missi
259 3524 368 3597 coloni,
386 3532 457 3598 post
472 3526 704 3600 quadriennium
714 3530 900 3598 Venusiam
918 3529 1138 3601 interiectuque

156 3605 278 3665 biennio
301 3606 350 3664 Μ’.
373 3608 462 3669 Curio
479 3617 508 3668 et
524 3609 634 3671 Rullno
648 3613 786 3674 Cornelio
813 3613 995 3673 consulibus
1016 3610 1140 3697 Sabinis
