2348 4222
56 336 64 407 .’
147 347 358 408 nrsronmn
380 346 573 407 nonnula
594 348 635 420 11,
657 354 702 407 30.
717 354 761 406 ar.
905 342 947 404 33

57 491 136 558 inter
150 500 284 559 maxima
303 500 470 560 incivitate
493 501 589 559 libera
604 501 788 575 dominaque
810 501 947 574 gentium

38 554 121 657 ilari,
137 599 206 642 cum
222 583 320 642 omnis
336 584 412 643 civis
428 585 493 643 iure
505 583 632 642 haberet
644 598 744 656 pareS,
761 600 946 657 quemquam

8 712 30 759 ,n
43 642 123 724 ilem
138 665 284 741 dignitate
299 667 489 740 conspicere.
516 665 572 724 Hic
587 683 605 725 a
620 674 692 740 toga
706 668 783 724 virili
799 668 945 726 adsuetus
960 673 978 726 3

8 726 136 840 “θ’ᾇιί1ἰιίο
161 749 391 823 prudentissimi
412 751 516 820 lucis,
538 751 674 823 parentis
697 751 758 822 sui,
780 748 895 808 bonum
917 757 948 809 et

8 830 65 923 h'px
79 839 163 891 recta
177 832 315 892 discendi
330 833 484 907 ingenium
500 833 646 914 singulari
661 848 762 891 rerum
775 833 947 891 militarium

10 910 124 1005 ,aientia
144 919 335 987 excoluerat,
365 923 399 975 ut
418 931 436 974 a
457 915 591 975 Sertorio
612 915 751 976 Metellus
773 917 948 974 laudaretur

8 997 79 1071 igis,
100 997 265 1073 Pompeius
281 1000 436 1060 timeretur
452 999 590 1058 validius.

47 1080 138 1139 XXX.
166 1080 228 1120 ***
247 1084 322 1142 Tum
336 1083 376 1143 ll.
391 1082 546 1156 Perperna
567 1081 754 1156 praetorius,
780 1098 797 1140 e
813 1082 946 1155 proscri-
962 1094 977 1144 1

10 1181 34 1235 s,
51 1165 150 1237 gentis
167 1165 306 1225 clarioris
323 1182 411 1241 quam
424 1164 525 1236 animi,
544 1165 709 1226 Sertorium
724 1165 802 1226 inter
818 1182 947 1225 coenam

9 1263 63 1306 cae
84 1248 236 1309 interemit
248 1250 459 1325 Romanisque
479 1257 592 1309 certam
612 1249 784 1319 victoriam,
808 1250 946 1323 partibus

9 1348 29 1390 s
45 1331 206 1404 excidium,
223 1334 281 1393 sibi
296 1334 503 1408 turpissimam
517 1340 645 1392 mortem
658 1333 794 1406 pessimo
807 1340 946 1391 auctora-

19 1415 165 1475 lacinore.
188 1417 328 1477 Metellus
341 1424 370 1477 et
381 1415 546 1490 Pompeius
559 1432 598 1474 ex
609 1415 767 1490 Hispaniis
782 1415 946 1488 triumpha·
961 1426 979 1476 2

9 1504 86 1568 runt3
104 1499 161 1557 sed
171 1499 346 1574 Pompeiae,
361 1500 422 1560 hoc
435 1516 559 1574 quoque
571 1499 723 1573 triumpho
737 1499 838 1557 adhuc
850 1512 948 1570 eques

10 1597 130 1654 manuS,
143 1585 304 1641 antediem
317 1599 408 1656 quam
421 1584 613 1642 consulatum
625 1583 722 1652 iniret,
739 1597 829 1638 curru
841 1581 948 1638 urbem

9 1670 105 1723 'ectus
120 1671 177 1723 est.
200 1664 294 1736 Quem
307 1666 408 1723 virum
423 1665 492 1739 quis
508 1681 569 1723 non
585 1664 708 1722 miretur
721 1678 777 1737 per
791 1669 834 1722 tot
849 1670 947 1722 extra·
962 1672 980 1725 3

10 1747 122 1806 linaria
143 1748 270 1821 imperia
290 1748 319 1806 in
342 1764 492 1807 summum
512 1748 665 1821 fastigium
681 1754 820 1806 evectum
841 1747 946 1821 iniquo

10 1832 73 1890 isse
89 1830 190 1890 animo
207 1831 237 1890 C.
254 1831 395 1891 Caesaris
409 1831 439 1889 in
456 1833 550 1891 altero
567 1833 729 1891 consulatu
748 1831 881 1905 petendo
898 1847 946 1890 se-

10 1930 66 1973 ,um
83 1916 294 1989 populumque
308 1916 479 1976 Romanum
494 1917 642 1975 rationem
657 1915 786 1974 habere=
808 1915 886 1974 adeo
904 1917 947 1972 la-

10 1998 81 2056 liare
101 2006 150 2057 est
173 1998 347 2058 hominibus
370 1992 472 2058 omnia
497 1998 556 2058 sibi
580 1997 758 2072 ignoscere,
784 1997 857 2055 nihil
880 1998 946 2055 aliis

10 2082 132 2154 nittere,
154 2089 184 2140 et
197 2081 342 2140 invidiam
357 2097 460 2140 rerum
480 2098 541 2140 non
562 2083 601 2138 ad
622 2096 747 2138 causam
769 2079 826 2136 sed
841 2080 881 2135 ad
893 2095 947 2137 vo·

10 2171 111 2224 itatem
126 2179 342 2238 personasque
358 2164 498 2234 dirigere.
524 2163 592 2220 Hoc
608 2162 769 2220 consulatu
783 2160 948 2233 Pompeius
963 2173 981 2226 4

10 2247 157 2306 iuniciam
182 2251 363 2318 potestatem
391 2244 534 2317 restituit,
564 2244 650 2304 cuius
677 2243 761 2303 Sulla
787 2243 949 2316 imaginem

10 2348 28 2387 e
51 2345 86 2385 re
106 2327 278 2401 reliquerat.
308 2329 386 2387 Dum
402 2326 608 2388 Sertorianum
628 2328 740 2388 bellum
756 2329 785 2386 in
800 2326 949 2400 Hispania
964 2342 981 2392 5

10 2410 97 2480 nitur,
115 2412 274 2484 sexaginta
289 2419 431 2485 quattuor
445 2411 561 2485 fugitivi
575 2429 593 2470 e
607 2413 679 2472 ludo
695 2411 876 2486 gladiatorio
894 2413 948 2470 Ca-

11 2511 30 2551 a
46 2493 257 2566 proiugientes
273 2495 353 2554 duce
367 2494 516 2568 Spartaco
531 2497 626 2569 raptis
642 2512 681 2554 ex
697 2510 734 2554 ea
748 2496 824 2554 urbe
838 2496 948 2568 gladiis

15 2593 67 2634 mo
84 2578 254 2637 Vesuvium
268 2586 401 2638 montem
417 2578 547 2651 petiere,
569 2594 640 2636 mox
656 2585 814 2637 crescente
835 2579 863 2635 in
881 2578 948 2636 dies

11 2660 160 2718 illitudine
177 2662 324 2734 gravibus
344 2661 501 2735 variisque
522 2660 645 2720 casibus
661 2662 803 2720 adiecere
818 2660 946 2728 Italiam;

11 2760 99 2804 orum
115 2759 259 2804 numerus
273 2745 304 2803 in
319 2751 435 2805 lantum
450 2744 598 2818 adulevit,
620 2753 654 2805 ut
669 2760 730 2819 qua
744 2745 847 2804 ultima
863 2743 948 2801 dimi-

11 2842 78 2886 rere
94 2827 174 2900 acic,
192 2835 312 2887 centum
328 2836 358 2887 et
372 2826 478 2902 viginti
492 2827 573 2887 milia
588 2829 744 2888 hominum
759 2844 793 2887 se
809 2829 946 2886 Romano

11 2909 115 2969 ercitui
128 2913 339 2984 opposuerint.
362 2912 459 2971 Huius
474 2912 581 2985 patrati
592 2911 690 2986 gloria
701 2928 797 2987 penes
809 2910 849 2969 Μ.
859 2913 946 2970 Cras-

12 3010 35 3051 n
51 2995 121 3062 luit,
145 3010 216 3054 mox
231 2995 419 3070 reipublicae
435 2996 533 3055 omnis
550 2997 729 3071 principem.

46 3077 151 3135 XXXI.
183 3079 379 3138 converterat
394 3080 446 3139 Cn.
460 3079 585 3152 Pompei
607 3096 742 3153 persona
756 3085 853 3135 totum
867 3077 897 3131 in
913 3089 949 3131 se
964 3079 976 3128 l

12 3175 115 3219 rarum
132 3161 237 3221 orbem
252 3171 282 3222 et
296 3179 352 3236 per
367 3163 469 3221 omnia
490 3162 587 3219 maior
606 3166 669 3220 cive
687 3161 871 3225 habebatur;
896 3155 948 3230 qui

12 3260 37 3302 n
60 3246 170 3303 consul
193 3260 341 3318 perquam
362 3244 553 3303 laudabiliter
575 3243 708 3303 iurasset
728 3257 763 3301 sc
783 3242 813 3299 in
836 3240 947 3299 nullam

12 3327 157 3386 >vinciam
169 3344 208 3386 ex
219 3344 256 3388 eo
269 3328 446 3402 magistratu
461 3325 571 3385 iturum
586 3326 679 3401 idque
695 3332 859 3397 servasset,
877 3331 949 3399 post

15 3411 123 3471 nnium
138 3413 176 3472 A.
195 3411 340 3472 Gabinius
357 3411 495 3471 tribunus
516 3411 613 3484 legem
635 3411 713 3483 tulii,
739 3419 855 3470 uicum
876 3409 948 3466 belli

14 3511 65 3565 re,
84 3512 145 3555 non
162 3497 403 3570 latrociniorum,
426 3495 531 3553 orbem
546 3496 697 3562 classibus
712 3496 786 3566 iam,
807 3508 869 3552 non
886 3492 950 3556 lur-

12 3580 132 3637 Vanam.
149 3578 276 3641 Parent.
761 3585 781 3647 ὅ

8 548 35 594 86

11 634 24 676 ‘l

9 654 16 674 (
