2422 4200
180 397 222 459 32
448 393 489 453 M.
511 391 652 451 VELLEI
672 391 888 453 PATERCULI

180 551 245 608 lum
258 547 431 606 Romanum
452 560 543 603 usum
563 540 719 602 dictatoris
733 549 766 601 ut
782 546 835 615 [in]
852 550 934 603 metu
956 543 1103 603 desiderat

180 634 224 693 ita
239 633 270 689 in
282 633 340 689 otio
359 628 499 689 timuisse
519 630 716 701 potestatem)
730 626 874 700 imperio,
903 644 964 701 quo
990 626 1103 700 priores

180 712 398 772 vindicandam
411 711 550 769 maximis
560 709 705 783 periculis
716 710 824 783 populi
831 710 1001 770 libertatem
1014 711 1061 768 usi
1071 726 1103 767 er

152 803 220 857 teo
236 796 419 859 immodicae
434 792 620 853 crudelitatis
643 793 765 852 licentia
784 808 860 852 usus
880 800 936 853 est.
971 792 1090 852 Priarus

182 887 213 940 et
226 881 340 940 utinam
354 879 492 948 ultimus,
508 878 682 950 exemplum
694 875 930 950 proscriptionis
942 876 1074 948 invenit,
1090 894 1103 934 u

183 979 246 1038 qua
267 960 387 1020 civitate
409 961 574 1034 petulantis
596 959 715 1019 convici
738 960 882 1019 iudicium
904 962 1103 1020 histriom‘exa

181 1043 337 1116 redditur,
353 1043 383 1100 in
399 1058 436 1100 ea
450 1043 576 1115 iugulati
592 1043 667 1101 civis
682 1043 812 1102 Romani
827 1043 949 1117 publice
966 1044 1103 1102 constitu

182 1133 232 1186 tur
247 1131 524 1198 auctoramentum,
546 1125 772 1200 plurimumque
792 1126 920 1186 haberet
942 1127 995 1200 qui
1018 1127 1103 1200 pluri]

183 1209 403 1280 interemisset,
420 1222 522 1282 neque
537 1208 633 1267 occisi
647 1208 745 1267 hostis
758 1226 851 1283 quam
863 1209 938 1268 civis
950 1209 1076 1269 uberius
1088 1211 1103 1268 l·

153 1292 354 1368 lpraemium
368 1292 517 1366 fieretque
530 1292 662 1366 quisque
674 1304 792 1351 merces
803 1291 910 1353 mortis
923 1309 1007 1352 suae.
1027 1293 1103 1351 Nec

182 1383 245 1436 tum
260 1378 291 1435 in
307 1392 363 1436 eos
379 1375 431 1451 qui
447 1379 553 1434 contra
564 1391 649 1434 arma
661 1376 807 1449 tulerant,
823 1377 880 1436 sed
895 1377 925 1435 in
937 1379 1049 1436 multos
1062 1377 1103 1435 int

183 1461 222 1521 tis
234 1461 399 1529 saevitum3
412 1460 565 1518 adiectum
576 1457 675 1532 etiam,
690 1464 723 1518 ut
734 1458 815 1519 bona
827 1458 1071 1534 proscriptorum
1082 1477 1103 1519 v

182 1552 253 1605 rent
267 1544 448 1618 exclusique
464 1542 599 1616 paternis
615 1541 727 1617 opibus
744 1543 831 1602 liberi
853 1541 942 1602 etiam
964 1545 1103 1617 petendo]

183 1626 336 1686 honorum
359 1629 425 1686 iure
443 1625 679 1700 prohiberentur
693 1625 859 1702 simulque,
887 1627 972 1701 quod
992 1627 1103 1701 indigni

183 1723 266 1766 mum
281 1714 344 1778 est,
368 1714 544 1766 senatorum
564 1709 617 1766 filii
637 1717 667 1767 et
682 1726 777 1769 onera
798 1709 915 1770 ordinis
936 1710 1103 1771 sustineret

184 1789 252 1847 iura
266 1787 440 1861 perderent.

158 1880 175 1932 1
268 1869 373 1929 XXIX.
417 1868 480 1928 Sub
496 1868 659 1928 adventum
674 1869 704 1927 in
716 1868 831 1929 ltaliam
846 1871 879 1930 L.
893 1872 996 1930 Sullae
1012 1876 1100 1934 Cn.P

107 1994 112 2002 ι
183 1957 288 2032 peius,
315 1953 381 2013 eius
397 1953 449 2013 Cn.
464 1951 591 2026 Pompei
611 1951 708 2027 lilius,
736 1967 826 2027 quem
847 1954 1103 2027 magnificentissit

183 2055 235 2099 res
251 2038 282 2098 in
297 2037 459 2098 consulatu
474 2036 612 2110 gessisse
627 2035 707 2096 bello
723 2034 856 2097 Marsico
871 2036 1098 2111 praediximus,

183 2122 259 2199 ginti
274 2123 328 2183 tris
345 2137 444 2183 annos
458 2128 563 2195 natus,
585 2117 696 2179 abhinc
711 2136 809 2180 annos
831 2130 952 2181 centum
966 2127 996 2179 et
1008 2121 1103 2180 tredet

184 2205 314 2282 privatis
328 2214 363 2265 ut
377 2206 488 2279 opibus
503 2205 546 2264 ita
560 2203 695 2263 consiliis
706 2219 817 2278 magna
831 2220 926 2264 ausus
941 2204 1104 2277 magnifice

184 2297 297 2350 conata
311 2295 475 2360 executus,
491 2287 532 2344 ad
545 2287 761 2345 vindicandam
772 2287 1053 2362 restituendamque
1070 2289 1103 2352 dt

184 2378 276 2432 tatem
290 2370 409 2443 patriae
430 2369 550 2428 firmum
574 2385 614 2427 ex
634 2384 708 2442 agro
723 2368 836 2430 Piceno
853 2373 905 2446 qui
925 2378 1007 2432 totus
1029 2378 1101 2445 pate

184 2455 252 2514 eius
275 2452 422 2513 clientelis
442 2454 574 2512 refertus
594 2460 672 2525 erat,
697 2455 848 2514 contraxit
868 2455 1052 2524 exercitum;
1079 2471 1103 2513 ct

183 2536 242 2596 viri
267 2538 442 2612 magnitudo
469 2536 631 2597 multorum
650 2536 838 2598 voluminum
858 2538 954 2599 instar
975 2539 1081 2612 exigit,

155 2623 290 2699 aoperis
305 2622 417 2682 modus
433 2621 541 2695 paucis
563 2636 633 2680 eum
647 2623 765 2681 narrari
780 2622 871 2682 iubet.
905 2621 974 2682 Fuit
983 2621 1034 2681 hic
1045 2637 1104 2696 gen

184 2713 281 2766 matre
295 2704 424 2776 Lucilia,
441 2704 545 2777 stirpis
561 2705 749 2776 senatoriae,
767 2706 865 2764 forma
880 2705 1035 2764 excellens
1051 2721 1103 2765 nor

184 2805 248 2862 qua
261 2786 321 2847 ilos
340 2787 572 2846 commendatur
586 2786 711 2858 aetatis,
735 2787 793 2847 sed
808 2803 846 2846 ea
861 2789 1006 2863 dignitate
1021 2804 1103 2848 cons

183 2871 286 2945 tiaque
295 2885 375 2944 quae
382 2869 412 2930 in
419 2869 499 2928 illam
507 2869 694 2930 conveniens
710 2872 939 2946 amplitudinem
951 2875 1103 2932 fortunam

184 2952 305 3014 eumad
321 2953 457 3012 ultimum
473 2951 552 3011 vitae
567 2952 709 3014 comitata
724 2962 772 3013 est
786 2955 881 3030 diem,
905 2958 1081 3016 innocentia

183 3037 278 3112 mius,
301 3037 460 3097 sanctitate
478 3037 680 3112 praecipuus,
702 3038 878 3112 eloquentia
898 3041 1035 3114 medius,
1058 3056 1103 3115 po

182 3119 243 3181 tiae
260 3135 340 3196 quae
354 3119 481 3180 honoris
497 3137 592 3182 causa
606 3121 647 3180 ad
661 3135 730 3180 eum
746 3123 930 3196 deterretur,
947 3141 1008 3185 non
1024 3127 1056 3187 vi
1072 3123 1103 3184 al

182 3211 388 3277 occuparetur
402 3203 638 3280 cupidissimus,
661 3204 725 3266 dux
744 3205 824 3267 bello
846 3208 1065 3282 peritissimus,
1090 3223 1103 3268 r

182 3285 213 3343 in
227 3292 300 3358 toga
313 3287 373 3346 nisi
388 3288 441 3346 ubi
460 3296 630 3361 vereretur,
655 3304 694 3348 ne
710 3307 801 3365 quem
823 3292 949 3352 haberet
962 3307 1086 3366 parem,

182 3368 392 3442 destissimus‚
409 3370 607 3432 amicitiarum
621 3381 729 3447 tenax,
744 3373 776 3432 in
792 3374 920 3435 offensis
935 3375 1085 3436 exorabili

181 3452 409 3512 reconcilianda
429 3455 526 3526 gratia
545 3456 760 3530 fidelissimus,
782 3459 812 3517 in
837 3459 1018 3535 accipienda
1041 3476 1079 3521 sa

181 3533 282 3595 ctione
296 3535 466 3610 facillimus,
482 3541 617 3614 potentia
632 3556 689 3600 sua
704 3558 861 3615 nunquam
875 3549 926 3603 aut
939 3559 1010 3604 raro
1018 3545 1060 3604 ad
1069 3545 1083 3603 it

180 3617 304 3678 tentiam
315 3634 400 3694 usus,
413 3635 514 3695 paene
522 3622 656 3683 omnium
663 3623 805 3686 vitiorum
819 3642 942 3703 expers,
950 3629 1010 3688 nisi
1021 3644 1085 3689 nun
