2348 4222
165 338 208 402 54
434 338 473 397 Μ.
496 338 637 397 VELLEI
658 338 872 400 PATERCULI

165 491 317 551 maximus
337 489 368 547 in
385 488 415 548 C.
432 487 572 546 Caesaris
591 488 690 547 locum
707 490 785 548 lurto
803 497 921 549 creatus
945 492 1049 550 decret

164 573 313 648 Hispania
327 571 426 630 adhuc
442 571 471 629 in
486 572 582 630 Gallia
596 571 782 642 morabatur)
798 589 869 631 mox
886 574 1011 646 saepius
1027 574 1049 631 ir

166 664 305 732 spectum
320 653 447 713 veniens
470 655 593 715 militum
610 661 693 728 (cum
708 663 737 714 et
751 656 867 729 Lepido
890 672 997 715 omnes
1014 658 1049 714 im

165 747 248 800 tores
264 738 829 811 lorentmelioresetmultisAntonius,
846 740 917 796 dum
928 746 994 797 erat
1009 741 1049 799 so'

165 839 221 898 per
244 837 354 880 aversa
374 829 543 880 castrorum
562 828 686 892 proruto
706 822 786 878 vallo
802 839 821 879 a
836 821 980 880 militibus
999 838 1049 880 rec

165 915 227 974 est;
244 906 296 979 qui
311 906 395 963 titulo
411 904 517 977 imperi
529 904 659 962 cedebat
672 905 804 977 Lepido,
821 921 889 963 cum
902 921 1022 964 summa
1037 924 1049 960 r

139 1003 263 1063 apenos
280 1003 349 1046 eum
365 988 451 1045 soret.
476 986 540 1044 Sub
555 988 668 1045 Antoni
684 987 855 1060 ingressum
872 989 900 1045 in
919 996 1023 1046 castra
1038 988 1049 1046 l

165 1072 225 1130 tius
250 1069 439 1141 Laterensis,
465 1070 511 1126 vir
534 1068 597 1127 vita
622 1085 658 1128 ac
683 1078 779 1129 morte
806 1077 1049 1144 consentaneus,

165 1153 312 1213 acerrime
328 1153 480 1212 suasisset
493 1152 626 1225 Lepido,
649 1168 688 1211 ne
708 1169 742 1211 se
758 1169 825 1211 enm
841 1154 973 1213 Antonio
997 1155 1049 1213 hos

165 1237 265 1296 dicato
288 1237 441 1308 iungeret,
462 1236 568 1294 inritus
592 1235 699 1293 consili
720 1237 875 1308 gladiose
895 1238 963 1310 ipse
985 1244 1049 1296 tran

136 1315 294 1378 3Plancus
310 1319 422 1377 deinde
443 1317 549 1391 dubia,
570 1319 601 1377 id
623 1326 671 1378 est
685 1334 743 1377 sua
761 1319 823 1377 fide
845 1321 895 1378 diu
918 1337 1049 1394 quarum

165 1404 296 1477 partium
321 1417 427 1462 secum
450 1403 581 1461 luctatus
607 1418 642 1460 ac
669 1401 727 1460 sibi
752 1403 875 1462 dillrcile
896 1406 1049 1464 consentit

165 1502 245 1545 nunc
269 1485 388 1546 adiutor
407 1485 443 1545 D.
463 1485 548 1544 Bruti
575 1485 725 1558 designati
748 1487 900 1559 consulis,
929 1488 1049 1561 collega

166 1571 347 1642 senatuique
371 1585 406 1628 se
432 1569 537 1628 litteris
552 1568 727 1642 venditans,
750 1583 822 1627 mox
843 1570 981 1627 eiusdem
1000 1587 1049 1644 prr

165 1652 291 1709 Asinius
312 1658 411 1710 autem
425 1652 519 1710 Pollio
535 1653 640 1710 firmus
656 1652 816 1725 proposito
833 1652 992 1710 etlulianis
1010 1670 1048 1726 pa

165 1733 262 1803 lidus,
279 1732 473 1806 Pompeianis
490 1735 656 1805 adversm,
678 1741 806 1807 uterque
823 1736 975 1793 exercitus
992 1745 1049 1795 tra(

165 1816 309 1874 Antonio.

139 1912 153 1963 1
237 1897 352 1961 .LXlV.
396 1897 432 1957 D.
447 1898 559 1957 Brutus
582 1898 722 1956 desertus
750 1900 847 1972 primo
874 1916 893 1958 a
917 1901 1049 1974 Planco,

166 1980 255 2040 etiam
270 1979 388 2040 insidiis
404 1981 541 2040 eiusdem
560 1979 685 2054 petitus,
703 1983 847 2054 paulatim
868 1984 1049 2056 relinquent<

165 2066 301 2124 exercitu
316 2065 436 2139 fugiens
451 2066 480 2124 in
494 2065 624 2138 hospitis
638 2065 796 2123 cuiusdam
808 2065 920 2124 nobilis
936 2067 1008 2141 viri,
1027 2086 1049 2125 n

165 2147 292 2220 Cameli,
309 2149 400 2208 domo
415 2149 454 2206 ab
476 2148 538 2218 his,
561 2164 639 2221 qaros
658 2149 781 2208 miserat
801 2149 970 2222 Antonius,
992 2151 1049 2224 iugi

164 2238 226 2301 est,
251 2232 496 2301 iustissimasque
519 2231 630 2302 optime
652 2231 691 2288 de
711 2247 746 2289 se
760 2231 867 2291 merito
884 2232 950 2289 viro
974 2233 1004 2291 C.
1022 2234 1049 2290 C:

164 2328 281 2386 poenas
310 2313 407 2381 dedit,
433 2311 520 2370 cuius
542 2315 663 2370 cumin
688 2313 792 2385 primis
818 2315 950 2372 omnium
980 2316 1049 2374 amic

164 2392 289 2465 luisset,
309 2395 483 2452 interfector
498 2396 554 2454 luit
567 2403 597 2454 el
612 2397 766 2469 fortunae,
789 2413 828 2455 ex
845 2414 906 2470 qua
921 2400 1049 2458 fructum

164 2483 226 2548 rat,
244 2477 387 2536 invidiam
395 2479 424 2536 in
434 2485 589 2537 auctorem
603 2478 772 2553 relegabat,
790 2482 998 2554 censebatque
1014 2498 1049 2540 ae

166 2574 245 2633 quae
260 2571 422 2634 acceperat
437 2562 592 2621 acaesare
605 2562 750 2630 retinere,
769 2564 944 2635 Caesarem,
963 2567 1016 2638 qui
1032 2567 1049 2624 il

134 2657 152 2708 2
165 2645 259 2717 derat,
274 2647 400 2717 perisse.
422 2646 505 2702 Haec
517 2652 588 2705 sunt
598 2654 750 2719 tempora,
767 2646 876 2719 quibus
890 2647 929 2704 Μ.
943 2647 1046 2707 Tulliu

163 2727 255 2785 tinnis
271 2727 440 2786 actionibus
456 2734 596 2786 aeternas
611 2729 724 2787 Antoni
741 2730 905 2788 memoriae
917 2731 1049 2791 inussitr

165 2809 286 2866 sedhic
301 2809 525 2883 fulgentissimo
543 2818 573 2870 et
589 2812 714 2871 coelesti
730 2827 798 2885 ore,
822 2821 852 2872 at
867 2813 1007 2872 tribunus
1026 2815 1049 2873 C

134 2890 222 2954 3tius
239 2893 383 2951 continua
397 2892 483 2951 rabie
498 2894 652 2953 lacerabat
667 2896 841 2955 Antonium.
867 2897 997 2968 Utrique
1012 2899 1045 2956 vi

161 2975 307 3037 libertatis
320 2984 416 3037 morte
429 2977 524 3046 stetit3
542 2978 599 3036 sed
612 2978 721 3037 tribuni
733 2979 882 3052 sanguine
895 2982 1049 3041 commiss:

162 3061 304 3133 scriptio,
334 3058 488 3121 Ciceronis
517 3062 600 3121 velut
628 3062 735 3122 satiato
764 3063 897 3123 Antonio
923 3079 1025 3135 paene

161 3142 296 3215 Lepidus
322 3145 433 3204 deinde
457 3160 476 3203 a
501 3152 609 3206 senatu
633 3145 731 3206 hostis
758 3146 908 3205 iudicatus
931 3152 995 3221 est,
1022 3167 1049 3208 ur

162 3225 260 3283 luerat
273 3228 433 3288 Antonius.

133 3320 149 3372 ι
244 3307 334 3366 LXV.
355 3311 429 3369 Tum
444 3312 520 3368 inter
531 3314 831 3385 eumCaesaremque
843 3315 1049 3374 etAntonium

160 3391 274 3448 mercia
285 3392 483 3465 epistularum
495 3401 524 3453 et
538 3397 750 3456 condicionum
763 3394 842 3455 iacta
856 3398 983 3469 mentio,
1003 3414 1049 3457 eur

159 3473 261 3532 tonius
288 3482 317 3532 et
338 3475 467 3535 subinde
489 3476 649 3538 Caesarem
671 3479 863 3550 admoueret,
887 3497 979 3554 quam
1003 3482 1046 3539 lui

159 3554 219 3629 ipsi
230 3555 435 3631 Pompeianae
449 3569 552 3634 partes
567 3564 666 3622 forent
678 3569 708 3620 et
722 3562 751 3620 in
767 3563 851 3635 qnod
866 3564 925 3622 iam
940 3569 1049 3625 emersi
