2348 4222
256 386 355 436 Fato.
373 386 510 435 HAASII
526 388 754 438 PRAEFATIO.
802 444 808 455 ,
1003 403 1034 439 11

56 515 100 579 47,
114 516 143 574 2.
167 522 273 569 medium
285 523 333 569 iam
344 521 398 569 olor
408 521 502 569 inuidia
509 527 651 584 partium
668 537 703 570 ac
717 522 863 583 familiae
876 522 1036 571 cohaerentis

10 589 187 636 —concordiae
197 592 298 649 pipnus.
322 586 352 634 H.

57 649 110 712 48,
123 649 152 707 2.
177 654 299 714 definisset
312 653 433 714 fortunae
451 655 627 702 deserendi
642 656 695 701 eius
712 657 792 712 locus,
811 655 851 703 vel
863 655 946 718 potius
960 655 1036 703 desti·

10 722 85 767 tendi.
110 720 187 777 01:11,
202 717 235 767 69
248 728 309 767 extr.
334 719 366 768 Μ.

57 782 110 843 48,
125 783 151 841 3.
176 789 245 835 entus
261 801 336 835 sane
353 786 533 849 voluptatibus,
551 795 578 833 ut
595 789 675 835 animo
688 786 753 850 laio)
768 794 849 834 ortum
861 788 893 834 sit
906 802 937 835 ex
949 786 1036 834 litteris

10 851 48 900 ᾖ.
74 852 107 900 M.

58 915 109 977 49,
123 915 151 972 4.
174 920 349 981 postulaverat
360 920 526 968 tantummodo
539 925 669 968 contentus
686 935 739 967 cnm
755 935 806 967 nna
822 921 920 982 lepiane
931 943 964 951 —
973 933 1037 980 pra·

10 988 98 1042 aciae,
121 988 237 1046 privatus
253 991 286 1033 ot
302 988 319 1032 i.
337 1002 361 1032 a.
379 989 476 1033 veniret
493 991 518 1034 et
534 1000 562 1034 se
573 1012 606 1019 —
618 991 781 1034 committeret
798 988 933 1035 decreuere
945 1009 987 1031 -.
1004 986 1038 1031 ita

10 1051 151 1100 :ribendum
169 1067 225 1100 esse
242 1051 327 1100 docuit
343 1053 376 1100 M.
402 1053 443 1101 die
455 1052 624 1115 Reclitsfrape
639 1054 761 1102 zwisalten
775 1053 871 1102 Caesar
879 1068 906 1099 u.
920 1052 945 1101 d.
958 1050 1039 1099 Senot

10 1133 49 1181 ng.
64 1117 106 1165 57.

59 1180 151 1241 53,5.
176 1190 227 1231 tam
242 1187 379 1247 simplem
399 1190 467 1233 esset
483 1200 604 1234 annorum
627 1187 742 1248 dipestio.
766 1185 796 1232 Η.
832 1191 882 1234 tam
902 1185 1040 1247 prolixa

10 1257 59 1300 sset
72 1266 95 1298 a.
111 1252 135 1299 d.
160 1250 188 1298 B.

59 1314 106 1370 54,
120 1315 143 1371 l.
168 1321 268 1382 utrique
279 1332 439 1366 summorum
450 1319 628 1380 imperatorum
639 1321 743 1367 meritos
751 1333 851 1381 poenas
864 1321 940 1365 atteri
949 1330 1040 1379 super·

10 1387 49 1431 titi
59 1387 127 1431 tuere
139 1388 279 1446 suppliciis.
296 1384 330 1432 M.

60 1447 110 1506 55,
124 1446 151 1503 4.
176 1452 309 1499 restitutae
326 1456 398 1498 sunt
415 1452 705 1515 aducepuamamitite
721 1454 830 1512 potius.
854 1451 886 1498 M.

59 1513 109 1573 57,
123 1513 149 1571 3.
174 1517 340 1565 ineluctabilis
350 1517 462 1578 fatorum
474 1520 525 1573 ois;
542 1533 604 1566 cum
620 1521 707 1565 cuius
723 1517 851 1573 fortunam
867 1520 964 1562 mutare
982 1529 1040 1562 con-

10 1584 85 1638 tituit,
99 1598 121 1630 c.
135 1586 281 1644 corrumpit.
299 1583 333 1631 M.

61 1645 150 1703 59,1.
175 1649 213 1695 De
226 1653 295 1696 cuius
307 1651 405 1709 oripine
418 1652 492 1694 etiam
503 1650 549 1695 sic
564 1649 746 1709 praecipiti
760 1662 843 1709 pauca
855 1647 963 1696 dicenda
974 1652 1039 1694 sunt.

10 1715 25 1762 l.
40 1713 59 1771 1,
78 1710 116 1769 16,
132 1711 155 1760 1.
181 1716 207 1760 in
218 1714 265 1761 trac
277 1718 328 1760 tam
337 1715 478 1774 praecipiti
484 1713 656 1775 festinatione.
674 1713 703 1761 B.

62 1777 113 1833 59,
128 1775 153 1834 6.
180 1781 321 1843 aequaliter
337 1794 575 1844 coruscansque
592 1782 738 1829 inaniorem
751 1795 833 1829 armes.
857 1780 886 1828 Β.

62 1843 110 1900 66,
125 1841 152 1898 2.
177 1848 310 1910 maluitque
323 1851 441 1895 monento
454 1853 480 1895 et
492 1846 599 1896 Caesari
614 1848 692 1895 dare
704 1862 732 1896 se
745 1863 817 1911 qnam
827 1849 915 1896 uitrico
929 1846 1039 1894 cedere.

10 1921 24 1959 ,t
36 1913 136 1974 adoptio
154 1911 321 1975 intellegatur.
346 1913 379 1961 M.

62 1974 112 2035 65,
126 1975 304 2093 2·Raffi²²²'²0³›
325 1982 446 2042 priaipna
461 1981 496 2028 A.
519 1981 646 2042 desponsa
665 1981 778 2028 Caesari.
814 1980 914 2028 omissis
937 1978 1042 2026 vocibus

10 2061 48 2092 uni
62 2051 136 2092 esset.
175 2046 194 2093 l.

64 2106 150 2166 661.
176 2111 239 2160 Cum
254 2113 280 2159 in
299 2111 338 2158 ed.
357 2112 436 2173 princ.
455 2119 479 2156 et
496 2111 520 2157 in
540 2111 596 2156 cod.
614 2111 715 2156 Amerb.
734 2112 854 2172 scriptum
870 2111 902 2156 sit
920 2111 1042 2165 nunciari,

10 2177 60 2224 vihil
78 2177 147 2225 aliud
164 2177 348 2237 anquirendum
361 2190 417 2222 esse
434 2175 480 2221 sed
496 2179 617 2220 nunciare
629 2175 788 2221 scribendum
800 2175 873 2220 docui
884 2175 911 2220 in
923 2174 1043 2222 adnotati.

11 2245 52 2290 rit.
66 2243 99 2289 ad
111 2242 170 2290 San.
185 2243 243 2289 dial.
257 2243 288 2295 11,
305 2238 348 2295 10,
363 2238 387 2287 3,
411 2240 437 2286 in
454 2239 507 2286 ind.
525 2239 592 2287 lectt.
605 2238 707 2287 Vratisl.
720 2246 781 2288 aest.
801 2237 874 2288 1852.
887 2253 945 2303 pag.
959 2239 983 2287 5.
1008 2240 1045 2288 De

10 2309 124 2356 sitientia
142 2306 174 2353 oi.
193 2306 252 2354 Son.
271 2305 329 2353 dial.
343 2306 385 2362 IV,
405 2305 449 2367 (de
465 2306 501 2353 ira
517 2303 563 2366 11,)
581 2321 602 2353 e.
621 2305 662 2362 27,
675 2306 699 2353 4.
725 2306 833 2368 Adseeti
848 2321 930 2355 sumus
943 2320 1044 2368 poena:

10 2377 134 2421 zaccrerrat
146 2387 195 2420 non
206 2378 300 2421 tantum
313 2373 374 2436 quid
380 2375 522 2433 patiamur,
535 2375 583 2420 sed
594 2374 655 2436 qnid
663 2373 806 2434 fecerimus.
826 2387 875 2434 quo
888 2372 942 2420 loco
954 2387 1001 2436 pro
1015 2386 1044 2421 eo

10 2439 68 2502 ‚uod
82 2445 120 2486 est
130 2445 273 2496 succurrat,
288 2438 336 2485 dici
350 2439 423 2486 etiam
434 2439 529 2501 potuit:
542 2441 682 2507 nunciemus
694 2439 774 2488 nobis.
798 2440 828 2487 Η,

67 2502 118 2562 68,
133 2501 156 2557 l.
181 2520 259 2570 neque
272 2507 336 2552 enirn
347 2519 527 2566 personarum
538 2504 647 2552 umbram
658 2511 862 2554 maiestasrei
871 2523 899 2569 p.
912 2507 990 2569 capit.
1014 2505 1043 2554 B.

113 2568 151 2618 ib.
176 2587 229 2619 cum
246 2574 271 2619 in
288 2575 422 2619 meliora
439 2572 536 2634 quidem
547 2572 646 2618 servari
655 2577 751 2632 posset.
775 2572 808 2619 M.

112 2637 151 2685 ib.
176 2642 202 2685 in
214 2638 275 2685 urbe
287 2639 447 2693 seditionem,
467 2638 497 2684 in
514 2638 605 2698 apris
621 2637 703 2685 liaud
719 2640 814 2686 occulte
832 2637 944 2687 bellicum
960 2643 1045 2687 tumul-

10 2718 168 2754 ammonens.
192 2703 226 2751 M.
252 2703 320 2765 quod
331 2703 422 2767 recepi.

67 2769 117 2830 75,
131 2771 157 2827 3.
178 2769 280 2832 sapiens
291 2769 382 2829 mons.
395 2783 416 2817 s.
432 2768 549 2817 Caesaris
561 2775 697 2826 amatos,
712 2769 798 2817 bimum
810 2793 850 2818 -.
864 2769 897 2819 Μ.

68 2837 116 2895 79,
129 2839 154 2891 1.
176 2850 228 2898 per
239 2838 321 2885 omnia
332 2831 440 2899 [extra]
452 2837 587 2883 dilationes
596 2850 732 2896 perosus.
756 2835 785 2883 B.

68 2901 118 2962 81,
131 2901 156 2957 1.
180 2902 337 2951 salubritatis
349 2905 443 2958 instar,
458 2901 526 2963 quod
537 2901 584 2948 fuit
595 2902 621 2949 in
634 2903 698 2959 cod,
713 2902 825 2951 defendit
836 2903 864 2951 B.

68 2967 164 3029 82,4.
188 2972 328 3018 succinctus
350 2982 437 3016 vocem
460 2968 552 3016 retinui
575 2983 607 3016 ex
630 2969 685 3017 cod.
710 2968 740 3016 of.
759 2969 833 3018 Orell.
851 2971 884 3019 ad
901 2972 958 3020 Tae.
976 2972 1044 3020 Ann.

10 3040 49 3097 sl,
65 3036 106 3087 31.
132 3037 162 3084 H.

70 3100 121 3160 86,
135 3099 163 3157 2.
187 3117 233 3151 nec
245 3107 372 3166 qnisquam
383 3104 546 3164 interemptus
558 3107 607 3159 est,
626 3098 819 3165 [interemerunt
831 3117 858 3149 se
870 3098 935 3164 ipsi]
943 3110 1047 3165 paucis-

10 3174 64 3221 imi.
89 3168 177 3227 enat,
192 3169 216 3216 2.
240 3169 268 3216 B.

69 3233 118 3294 91,
131 3234 156 3290 1,
181 3237 248 3299 quoti
258 3250 392 3297 capnomen
404 3236 441 3282 itti
450 3239 517 3282 viro
530 3234 621 3280 Planci
631 3236 756 3280 sententia
768 3239 1045 3296 consensus—indidit,

10 3313 101 3357 ervata
115 3303 171 3351 eod.
184 3302 305 3366 scriptura
316 3305 383 3358 aira,
403 3315 476 3362 qnam
489 3307 571 3347 tuetur
584 3298 639 3346 coll.
654 3314 674 3346 a.
688 3298 731 3356 87,
745 3299 769 3347 2.
793 3299 822 3348 B.

69 3366 121 3427 95,
136 3367 163 3424 3.
188 3377 250 3416 extr.
263 3369 322 3417 item
335 3368 482 3430 scripturam
495 3367 549 3414 eod.
564 3374 646 3413 tuetur
657 3366 686 3414 B.
711 3381 757 3414 neo
775 3381 820 3430 ago
835 3384 901 3417 nuno
912 3369 1047 3417 admodum

10 3454 18 3489 e
43 3453 60 3487 u
104 3450 129 3483 o.

17 3455 46 3505 Ρ
63 3451 161 3561 993.
186 3506 213 3548 nt
229 3516 312 3549 omnes
335 3497 417 3564 [eam
441 3496 602 3561 adierint]
623 3515 673 3561 pra
698 3501 837 3549 consulibus
855 3500 1047 3564 iepatiqueint.
