2348 4222
177 368 219 431 22
449 366 489 426 M.
511 366 653 426 VELLEI
674 362 888 424 PATERCULI

178 520 240 578 nati
255 518 474 591 rempublicam
495 516 679 591 poeniteret,
700 530 736 573 ac
757 513 847 573 bonis
868 514 947 572 mala
961 526 1156 586 repensassc.

145 602 292 663 asenias
309 602 487 660 consulatus
510 599 602 657 veluti
624 598 792 671 praemium
815 597 842 655 ei
862 596 1036 656 meritonmr
1057 596 1158 653 datus,

177 686 246 744 Non
261 692 361 743 tamen
376 682 467 741 huius
484 683 662 741 consulatus
678 672 834 740 lraudet'ur
849 681 955 754 gloria,
972 696 1031 752 quo
1048 677 1159 737 Servili

180 768 324 826 Glauciae
340 765 557 840 Saturninique
572 763 683 838 Apulei
699 766 847 835 furorem,
866 762 1047 823 continuatis
1061 761 1160 820 hono-

178 850 263 909 ribus
278 850 497 923 rempublicam
511 848 709 907 lacerantium
724 856 754 906 et
763 846 873 920 gladiis
887 860 1011 920 quoque
1024 851 1054 903 et
1066 844 1160 902 caede

179 934 302 992 comitia
317 932 557 1004 discutientiurn,
574 933 683 991 consul
699 930 789 988 armis
805 929 993 1003 compescuit
1007 927 1157 986 homines·

181 1033 243 1091 que
258 1014 421 1074 exitiabilis
437 1016 468 1072 in
482 1015 613 1074 Hostilia
628 1016 713 1074 curia
726 1020 824 1072 morte
838 1011 983 1071 multavit.

151 1112 166 1162 1
262 1098 341 1156 Xlll.
364 1098 481 1156 Deinde
496 1097 660 1157 interiectis
676 1097 784 1171 paucis
800 1095 887 1156 annis
900 1096 1085 1155 tribunatum
1099 1090 1148 1151 inii

180 1180 220 1238 M.
233 1180 338 1239 Livius
353 1182 482 1253 Drusus
499 1183 545 1240 vir
560 1181 778 1252 nobilissimas,
795 1179 1076 1254 eloquentissimus,
1094 1192 1156 1236 san

181 1264 352 1336 ctissimus,
375 1265 500 1324 meliore
514 1264 543 1325 in
560 1265 661 1324 omnia
675 1263 797 1337 ingenio
814 1265 978 1337 animoque
994 1276 1088 1336 quarn
1104 1261 1157 1319 lor

149 1355 253 1408 iluna
276 1365 361 1411 usus,
396 1349 451 1421 Qui
472 1364 541 1408 oum
560 1347 679 1408 senatui
699 1348 834 1421 priscum
856 1348 1016 1407 restituere
1037 1348 1159 1418 cuperel

181 1430 278 1490 decns
296 1438 326 1491 et
340 1431 452 1491 iudicia
466 1433 504 1490 ab
520 1432 672 1506 equitibus
688 1431 727 1489 ad
743 1445 811 1489 eum
832 1431 999 1488 transferre
1014 1428 1151 1489 ordine,

179 1514 314 1589 (quippe
329 1531 396 1573 eain
412 1522 593 1588 potestatem
609 1515 688 1573 nacti
704 1513 824 1589 equites
840 1513 1028 1572 Gracchanis
1044 1510 1159 1585 legibus

182 1614 251 1657 cunr
272 1599 302 1655 in
330 1601 442 1658 multos
465 1596 652 1657 clarissimos
674 1604 767 1671 atque
787 1594 1060 1656 innocentissimos
1080 1592 1153 1655 viro

183 1683 372 1748 saepissent,
401 1688 463 1739 tuin
481 1681 512 1740 P.
528 1682 687 1751 Rutilium,
715 1680 812 1739 virum
834 1696 896 1739 non
918 1680 1016 1739 seculi
1039 1678 1089 1738 sui
1110 1674 1160 1736 sed

183 1762 282 1821 omnis
309 1762 377 1835 aeri
403 1764 564 1836 optimum,
591 1764 808 1836 interrogatum
832 1765 900 1837 lege
923 1762 1159 1837 repetundarum

182 1845 314 1903 maximo
338 1860 406 1902 cuni
426 1847 539 1917 gemitu
561 1846 689 1905 ciuitatis
711 1847 941 1919 damnaverant)
965 1847 996 1904 in
1022 1845 1062 1905 iis
1087 1844 1158 1919 ipsis

183 1942 263 2001 quae
278 1943 333 1999 pro
350 1934 460 1986 senatu
471 1929 658 2003 moliebatur,
674 1936 812 1988 senatum
824 1929 930 1989 habuit
940 1928 1157 1999 adversarium,

181 2026 244 2069 non
260 2011 489 2085 intelligentem,
508 2012 534 2070 si
551 2013 665 2086 quade
681 2012 779 2086 plebis
796 2013 966 2073 commodis
982 2012 1024 2071 ab
1040 2016 1075 2072 eo
1089 2026 1158 2085 age

181 2102 292 2165 rentur,
302 2095 393 2153 veluti
404 2094 591 2155 inescandae
603 2095 847 2170 inliciendaeque
856 2096 1061 2157 multitudinis
1068 2108 1157 2155 causa

148 2181 165 2232 3
181 2176 259 2248 lieri,
276 2183 309 2236 ut
322 2177 490 2241 minoribus
506 2181 659 2252 perceptis
672 2180 788 2239 maiora
801 2180 997 2253 permitteret.
1024 2179 1158 2253 Denique

181 2274 217 2316 ea
232 2261 352 2318 fortuna
362 2262 454 2318 Drusi
470 2262 532 2329 luit,
549 2270 583 2319 ut
595 2264 674 2321 male
689 2263 769 2320 lacta
784 2265 971 2337 collegarum
985 2263 1057 2323 eius
1073 2276 1157 2337 quala

181 2342 295 2413 optime
310 2342 348 2398 ab
364 2343 433 2414 ipso
450 2343 581 2415 cogitata
596 2351 719 2411 senatus
735 2346 880 2418 probaret
894 2346 1001 2420 magis
1021 2354 1053 2406 et
1066 2344 1157 2405 hono·

93 2458 107 2493 ,a
136 2458 149 2487 .
179 2437 244 2480 rem
267 2421 320 2494 qui
340 2424 379 2482 ab
399 2439 436 2483 eo
453 2425 661 2498 deserebatur,
684 2437 857 2501 sperneret,
878 2428 1004 2489 iniurias
1020 2444 1106 2503 quae
1124 2426 1156 2487 ab

70 2480 118 2565 ab
179 2505 238 2563 illis
254 2506 496 2580 intendebantur,
513 2523 611 2582 aequo
627 2509 728 2570 animo
743 2513 909 2586 reciperet,
924 2520 955 2572 et
967 2510 1061 2573 huius
1079 2528 1155 2572 sum-

1 2638 14 2647 ,,
37 2636 42 2647 .
84 2636 97 2655 .,
178 2603 247 2646 inae
261 2589 376 2661 gloriae
392 2591 556 2664 invideret,
577 2593 696 2652 illorum
711 2594 862 2654 modicam
878 2597 980 2656 ferret.

147 2686 161 2736 1
186 2660 204 2709 „t
260 2672 340 2730 XIV.
373 2675 447 2732 Turn
468 2690 637 2736 conversus
658 2678 749 2736 Drusi
771 2679 904 2752 animus,
933 2680 1061 2752 quando
1078 2676 1154 2735 bene

177 2764 288 2827 coepta
302 2757 381 2813 male
397 2757 555 2828 cedebant,
570 2759 609 2817 ad
625 2759 757 2819 dandam
772 2761 922 2822 civitatem
937 2754 1059 2831 ltaliam
1073 2756 1154 2835 quod

177 2850 245 2894 cum
261 2836 390 2896 moliens
410 2841 619 2900 revertissete
640 2844 707 2902 loro
722 2842 871 2905 immensa
891 2846 943 2903 illa
958 2852 990 2906 et
1005 2840 1153 2905 incondita

177 2933 257 2990 qnae
279 2934 348 2977 ema
374 2938 496 2996 semper
517 2925 731 2999 comitabatur,
758 2925 875 2987 cinctus
896 2929 1107 3001 mullitudine,
1143 2955 1145 2974 ι

175 3001 250 3061 atrio
275 3001 384 3062 danius
406 3020 481 3063 suae
502 3006 622 3067 cultello
644 3025 828 3084 percussuS,
851 3011 904 3086 qui
925 3012 1054 3073 adfixus
1075 3012 1133 3071 lat

140 3084 240 3143 seius
261 3087 385 3146 relictus
407 3095 469 3160 est,
491 3088 570 3148 intra
593 3107 708 3164 paucas
724 3093 816 3153 horas
833 3095 978 3155 decessit.
1011 3094 1108 3155 Sede
1134 3107 1150 3142 a
1173 3127 1174 3132 κ

172 3167 308 3226 ultimum
324 3172 468 3232 redderet
488 3174 642 3247 spiritum,
661 3176 780 3235 intuens
797 3178 1063 3239 circumstantium
1077 3194 1135 3237 mv

172 3251 363 3324 rentiumque
389 3257 604 3330 frequentiam,
634 3258 741 3317 elludit
766 3276 874 3320 rocem
899 3260 1143 3323 convenienti:

171 3336 475 3427 ηπῑῃιιοοῃεοίειηίαο
496 3355 585 3397 suae:
608 3342 827 3417 ecquandone,
849 3343 964 3419 inquit,
987 3346 1114 3421 propin
1128 3363 1137 3390 r

137 3417 336 3488 sanumque,
363 3416 489 3477 similem
510 3422 570 3480 niei
585 3425 682 3482 cirein
703 3424 827 3486 habebit
841 3428 1045 3502 respublica?
1069 3430 1108 3489 H¹
1122 3443 1145 3476 u

169 3495 261 3590 linem
278 3500 465 3561 clarissimus
480 3504 599 3565 iuvenis
615 3508 695 3567 ritae
713 3508 826 3569 habuit.
854 3511 947 3571 Cuius
962 3528 1088 3580 morum
1100 3502 1141 3583 alif

168 3595 248 3639 nime
268 3584 419 3642 omittatur
439 3596 663 3660 argumentum:
690 3607 757 3650 cuin
779 3594 956 3655 aedificaret
977 3596 1104 3658 domurn
1163 3611 1169 3658 t
