2348 4222
163 337 207 401 34
439 334 481 392 Μ.
502 332 645 392 VELLEI
663 332 880 393 PATERCULI

164 489 236 555 tivis
252 483 500 562 expeditionibus
523 485 639 558 piratae
659 489 806 544 terrerent
823 483 1036 557 quasdamque
1056 489 1083 540 el

164 571 269 633 ltaliae
283 569 369 630 urbis
383 569 590 642 diripuissent,
607 567 658 626 Cn.
668 566 831 641 Pompeius
848 566 888 624 ad
903 581 957 624 eos
971 566 1083 638 opprin

166 658 224 717 dos
239 653 407 714 mitteretur
423 660 569 726 essetque
585 652 613 710 ei
634 651 794 725 imperium
809 665 942 724 aequum
958 648 988 705 in
1004 647 1083 706 omni

165 738 333 815 provinciis
349 752 416 796 oum
433 734 671 810 proconsulibus
686 751 787 808 usque
805 734 845 792 ad
861 730 1083 807 quinquagesin

139 823 324 884 umiliarium
340 821 458 880 amari.
486 820 551 893 Quo
568 820 849 880 senatusconsulto
866 831 965 890 paene
979 814 1072 873 totius

166 923 267 967 rarum
289 906 371 965 orbis
392 904 553 979 imperium
573 905 625 962 uni
646 903 711 961 uiro
731 900 941 967 deferebatur;
969 898 1026 957 sed
1047 904 1083 956 lar

166 992 248 1050 idem
267 991 327 1048 hoc
349 997 418 1048 ante
440 987 633 1061 septennium
654 987 682 1044 in
698 986 738 1043 Μ.
754 985 866 1044 Antoni
883 990 1027 1057 praetura
1043 981 1082 1038 de

134 1081 229 1140 atum
245 1078 317 1130 erat.
350 1071 412 1131 Sed
433 1071 584 1130 interdum
606 1086 739 1144 persona
761 1075 792 1127 ut
813 1069 955 1140 exemplo
978 1072 1083 1136 nocet,

167 1155 311 1216 invidiam
326 1163 417 1228 auget
427 1162 478 1214 aut
489 1157 583 1212 levat:
600 1153 770 1212 inAntonio
782 1153 922 1211 homines
935 1165 1036 1224 aequo
1050 1165 1083 1207 an

167 1240 255 1315 passi
270 1246 372 1307 erant;
392 1254 462 1297 raro
478 1239 558 1296 enirn
574 1238 725 1296 invidetur
740 1251 846 1295 eorum
866 1234 1052 1305 honoribus,
1075 1251 1083 1289 r

167 1340 235 1383 rum
247 1322 295 1381 vis
311 1339 372 1382 non
386 1324 523 1391 limetur;
540 1328 646 1381 contra
660 1321 689 1379 in
705 1321 742 1378 iis
756 1321 896 1378 homines
910 1317 1083 1376 extraordin

167 1407 381 1478 reformidant,
402 1404 455 1479 qui
470 1421 506 1464 ea
522 1421 579 1464 suo
595 1404 718 1463 arbitrio
734 1410 785 1462 aut
801 1401 971 1477 deposituri
987 1407 1083 1458 autre

169 1490 229 1551 turi
249 1491 391 1548 videntur
407 1496 436 1548 et
455 1489 580 1548 modum
601 1487 631 1547 in
653 1488 807 1547 voluntate
828 1486 950 1544 habent.
984 1485 1083 1543 Dissut

169 1574 244 1633 bant
259 1574 434 1647 optimates
458 1573 514 1631 sed
531 1572 659 1632 consilia
674 1573 788 1645 impetu
804 1571 883 1628 victa
898 1575 977 1628 sunt.

137 1666 154 1718 1
249 1657 368 1717 XXXll.
398 1656 495 1728 Digna
510 1664 557 1715 est
571 1655 718 1714 memoria
733 1655 766 1726 Q.
784 1654 878 1712 Catuli
900 1668 968 1712 cum
987 1657 1083 1710 auctor

169 1745 233 1798 turn
254 1739 454 1808 verecundia,
481 1740 533 1810 qui
556 1755 622 1796 cum
645 1738 829 1796 dissuadens
853 1738 950 1810 legem
964 1736 995 1793 in
1012 1739 1083 1793 conl

171 1821 302 1878 dixisset
323 1835 395 1878 esse
421 1820 544 1893 quidem
570 1822 758 1895 praeclarum
784 1822 880 1880 virum
902 1821 952 1878 Cn.
975 1819 1083 1891 Pomp<

172 1904 228 1962 sed
250 1903 374 1961 nimium
397 1903 455 1960 iam
477 1903 795 1978 liberaereipublicae
811 1919 912 1977 neque
928 1904 1032 1962 omnia
1046 1903 1076 1959 in

170 1987 367 2062 reponenda,
383 1986 624 2060 adiecissetque:
647 1987 692 2061 „si
710 1988 783 2060 quid
799 1988 869 2047 huic
885 1985 1044 2059 acciderit,
1062 2002 1079 2058 q

170 2069 202 2128 in
218 2071 285 2130 eius
300 2071 400 2130 locum
416 2070 639 2131 substituitis2“
659 2072 860 2135 subclamavit
873 2071 1021 2130 universa
1035 2084 1083 2128 cor

172 2161 237 2230 ‚,te,
261 2154 293 2226 Q.
310 2155 450 2221 catuler‘
470 2164 532 2214 tum
548 2156 598 2213 ille
615 2155 711 2215 victus
728 2171 883 2214 consensu
899 2156 1035 2214 omnium
1050 2160 1080 2211 et

139 2237 344 2298 2honorifico
366 2237 496 2295 civitatis
517 2238 691 2299 testimonio
713 2255 731 2297 e
752 2240 894 2299 contione
910 2238 1066 2298 discessit.

171 2320 304 2378 hominis
315 2319 541 2391 verecundiam,
558 2322 662 2394 populi
673 2323 817 2382 iustitiam
829 2322 930 2381 mirari
945 2321 1035 2390 libet;
1053 2320 1083 2379 ht

173 2402 258 2475 quod
273 2417 334 2460 non
355 2402 433 2460 ultra
449 2403 618 2478 contendit,
640 2405 755 2478 plebis,
778 2407 862 2481 quod
877 2406 1081 2466 dissuadente

173 2485 384 2544 adversarium
397 2487 561 2546 voluntatis
577 2504 652 2546 suae
669 2505 740 2548 vero
752 2491 924 2550 testimonio
942 2489 1083 2549 fraudare

138 2569 233 2628 aluit.
265 2568 324 2627 Per
344 2570 424 2628 idem
445 2576 564 2645 tempus
586 2572 671 2630 Cotta
691 2572 847 2633 iudicandi
867 2590 994 2646 munuS,
1023 2589 1083 2647 quo

174 2653 330 2713 Gracchus
347 2662 483 2728 ereptum
500 2655 619 2712 senatui
640 2656 679 2713 ad
701 2658 837 2730 equites,
865 2657 951 2716 Sulla
972 2658 1013 2716 ab
1032 2656 1083 2714 illis

172 2744 312 2795 senatum
327 2737 551 2808 transtulerant,
568 2738 735 2811 aequaliter
749 2740 827 2800 inter
841 2747 1005 2814 utrumque
1018 2738 1083 2800 ordi

173 2820 302 2893 partitus
317 2826 379 2886 esl;
407 2818 483 2878 Otho
500 2820 632 2880 Roscius
654 2823 720 2896 lege
742 2841 798 2883 sua
813 2824 968 2899 equilibus
990 2826 1023 2883 in
1037 2823 1083 2883 the

141 2903 241 2961 lloca
255 2902 395 2961 restituit.
428 2905 469 2961 At
483 2904 535 2962 Cu.
549 2904 713 2979 Pompeius
735 2907 836 2969 multis
851 2914 881 2967 et
895 2910 1067 2984 praeclaris

173 2986 203 3044 in
219 2985 250 3044 id
265 2986 376 3044 bellum
394 2987 563 3062 adsumptis
576 2990 794 3065 descriptaque
807 2998 929 3066 [paene]
945 2994 975 3051 in
994 2993 1083 3052 omni:

174 3086 283 3130 cessus
294 3068 385 3129 maris
399 3072 553 3146 praesidio
569 3074 689 3132 navium
705 3076 791 3133 brevi
805 3077 1049 3150 inexsuperabili
1066 3093 1083 3134 n

172 3160 320 3215 terrarum
345 3156 449 3216 orbem
475 3158 628 3224 liberavit,
655 3159 892 3234 praedonesque
917 3174 974 3233 per
999 3161 1083 3220 mule

172 3238 273 3296 multis
295 3240 371 3298 locis
394 3241 491 3301 victos
514 3244 595 3300 eirca
611 3241 742 3300 Ciliciam
764 3244 864 3302 classe
886 3243 1059 3316 adgressus
1082 3263 1083 3299 3

173 3334 210 3376 ac
226 3321 349 3392 fugavit,
366 3332 396 3381 et
411 3341 471 3396 quo
488 3325 633 3384 maturius
648 3326 759 3384 bellum
775 3334 833 3385 lam
850 3329 909 3385 late
921 3326 1071 3386 diffusum

173 3400 293 3470 liceret,
312 3405 458 3478 reliquias
474 3423 578 3466 eorum
595 3418 766 3469 contractas
783 3410 812 3467 in
828 3410 956 3470 urbibus
972 3420 1083 3471 remota

140 3486 247 3544 dmari
263 3488 331 3544 loco
347 3486 376 3544 in
393 3498 474 3549 certa
491 3493 566 3550 sede
581 3493 744 3552 constituit.
774 3493 850 3553 Sunt
865 3495 917 3569 qui
931 3495 993 3553 hoc
1010 3512 1083 3568 carp

173 3571 231 3629 sed
254 3586 438 3645 quamquam
458 3573 489 3631 in
511 3583 636 3635 auclore
657 3578 732 3636 satis
753 3577 879 3638 rationis
902 3584 964 3652 est,
987 3586 1056 3639 tum
1076 3596 1083 3636 r
