2348 4222
10 392 21 465 2
184 375 394 437 alaronmu
416 374 608 436 nonanis
629 378 671 450 n,
695 386 753 440 no.
923 378 963 440 93

43 524 107 587 'nis
132 544 234 602 usqne
257 529 298 586 ad
321 535 441 588 sextum
463 529 655 588 consulatum
684 527 750 588 sine
773 528 962 592 dubitatione

26 678 34 689 Ι,
97 611 107 670 i
123 610 255 672 nominis
270 611 405 672 habuere
419 611 605 686 principem,
622 617 652 670 et
668 610 720 685 qui
733 611 774 672 Μ.
786 613 882 674 Tullio
898 622 963 674 tan-

59 693 212 768 tribuere,
241 702 274 754 ut
294 710 394 770 paene
418 693 634 756 adsentatione
656 710 713 755 sua
738 694 849 769 quibus
871 692 964 759 vellet

29 775 168 853 ''oipatns
191 777 383 852 conciliaret,
408 778 523 852 quique
545 777 619 838 nihil
634 776 744 838 Asinio
760 778 889 839 Pollioni
910 798 962 841 ne-

30 868 142 945 ·erunt,
166 861 249 937 quod
263 860 463 923 nobilissimis
486 878 604 923 summo
625 877 695 921 oum
716 863 831 922 sudore
852 879 962 923 eonse-

10 870 135 1101 ἒᾱιιιιι
149 945 242 1019 foret,
266 947 407 1020 prolecto
428 945 487 1006 hoc
503 952 681 1019 senserunt,
702 944 733 1004 in
749 946 962 1021 cuiuscunque

60 1028 193 1089 ovirtus
208 1028 334 1100 inesset,
350 1029 379 1088 ei
390 1029 553 1103 plurimum
566 1044 637 1089 esse
652 1028 854 1089 tribuendum.
877 1031 961 1090 llaec
976 1035 993 1089 3

10 1104 124 1175 munis
138 1111 272 1186 exempli
293 1111 419 1173 imitatio
435 1113 475 1173 ad
491 1111 711 1188 experiendum
728 1111 872 1174 Seianum
888 1115 960 1173 cae·

10 1180 95 1269 iam,
118 1197 159 1255 ad
174 1195 309 1256 iuvanda
324 1211 398 1257 vero
418 1213 513 1257 onera
527 1195 676 1272 principis
695 1195 840 1257 Seianum
855 1205 960 1272 protu-

10 1280 255 1355 {senatumque
277 1287 307 1340 ct
327 1282 477 1356 populum
492 1281 664 1340 Romanum
682 1297 719 1340 eo
741 1279 899 1354 perduxit,
928 1289 961 1342 nt

10 1363 62 1423 lod
83 1380 142 1424 usn
164 1363 311 1438 optimum
335 1363 497 1439 intellegit,
523 1362 556 1423 id
580 1363 610 1423 in
636 1365 761 1424 tutelam
786 1363 959 1424 securitatis

10 1458 51 1505 ue
67 1445 197 1507 libenter
212 1449 354 1508 advocet.

61 1529 187 1588 CXXIX.
226 1529 288 1590 Sed
306 1529 468 1604 proposita
489 1530 579 1605 qnasi
600 1529 745 1589 universa
769 1528 959 1603 principatus
976 1537 990 1588 1

10 1610 177 1671 ‚Caesaris
196 1613 300 1683 forma
321 1611 442 1686 singula
465 1627 692 1672 recenseamus.
728 1612 794 1686 Qua
814 1611 864 1671 ille
888 1629 959 1687 pru-

13 1692 80 1753 ntia
95 1693 331 1769 Rhascupolim,
352 1694 600 1770 lnteremptorem
615 1694 715 1754 fratris
731 1695 780 1755 sui
794 1695 837 1755 fili
853 1695 958 1773 Cotyis

11 1775 194 1859 nsortisque
216 1775 355 1841 eiusdem
373 1776 497 1853 imperi,
522 1779 647 1840 Romam
668 1779 830 1840 evocavit?
855 1779 958 1855 singu-

10 1860 29 1922 ἡ
44 1860 77 1919 in
92 1876 130 1920 eo
145 1860 268 1938 negotio
283 1878 360 1923 usus
377 1877 473 1938 opera
486 1861 588 1922 Flaeei
602 1863 766 1939 Pomponi,
786 1865 957 1925 consularis

10 1944 39 2018 ri,
58 1945 119 2004 nati
134 1944 299 2020 adomnia,
316 1962 395 2022 quae
409 1953 492 2007 recte
508 1944 648 2007 iacienda
663 1954 748 2019 sunt,
764 1945 958 2020 simplicique

10 2035 84 2089 aute
113 2028 257 2091 merentis
278 2045 423 2104 ¹semper,
455 2045 612 2102 nunquam
641 2029 793 2102 captantis
820 2027 957 2101 gloriam.

10 2128 49 2173 un
70 2120 184 2186 quanta
205 2111 353 2187 gravitate
373 2119 407 2171 ut
423 2118 592 2170 senatorer
612 2109 721 2181 iudex,
743 2126 805 2168 non
827 2117 860 2168 ut
877 2111 989 2183 prin-2

10 2211 66 2271 pe,
88 2201 128 2266 [et
147 2196 289 2254 derebus
306 2194 596 2268 publicissepienter
615 2193 772 2270 consultet]
795 2198 824 2251 ct
844 2208 957 2252 causas

10 2277 113 2338 assius
129 2276 234 2337 audit?
255 2275 351 2350 Quam
367 2275 506 2336 celeriter
519 2274 670 2350 ingratum
686 2283 715 2334 et
735 2291 816 2335 nova
831 2275 957 2335 mollen-

10 2378 33 2421 n
57 2361 198 2438 [Drusum
212 2361 362 2437 Libonem]
379 2358 556 2435 oppressae
577 2358 693 2433 Quibus
715 2359 890 2435 praeceptis
912 2358 956 2417 in·

10 2450 122 2504 ’netum
138 2442 351 2503 Germanicum
368 2460 457 2503 sunm
474 2443 683 2516 imbutumque
703 2443 884 2503 rudimentis
902 2441 956 2501 nni-

10 2530 56 2584 lae
75 2540 180 2585 secum
194 2532 282 2585 actae
299 2525 481 2586 domitorem
494 2525 612 2600 recepit
624 2524 825 2596 Germaniae?
839 2525 956 2599 Quibus

10 2614 127 2668 ventam
142 2605 210 2668 eius
229 2607 426 2682 exaggeravit
446 2607 631 2681 honoribuS,
651 2610 859 2683 respondente
875 2610 957 2669 cultu

10 2690 117 2765 umphi
138 2707 256 2764 rerum,
284 2708 362 2765 quas
383 2701 537 2766 gesserat,
560 2689 782 2767 magnitudini?
811 2690 989 2765 Quotiensss

10 2775 123 2850 pulum
149 2772 316 2848 congiariis
343 2774 520 2848 honoravit,
553 2783 792 2849 senatorumque
819 2791 955 2848 censum,

10 2876 42 2917 m
62 2857 94 2917 id
110 2866 219 2919 senatu
240 2864 366 2918 auctore
382 2860 484 2920 lacere
506 2858 619 2934 potuit,
641 2875 733 2934 quam
753 2858 882 2920 libenter
903 2875 955 2917 ex-

10 2941 81 3016 evit,
103 2949 137 3004 ut
150 2957 252 3016 neque
267 2941 417 3002 luxuriam
431 2940 573 3003 invitaret
587 2960 689 3018 neque
704 2944 866 3004 honestam
881 2960 956 3018 pan-

10 3033 120 3087 rtatem
133 3032 288 3100 pateretur
298 3024 445 3100 dignitate
460 3025 607 3087 destituit
627 3027 745 3101 Quanto
757 3043 826 3086 cum
837 3026 956 3085 honore

10 3108 184 3169 armenicum
195 3125 286 3168 suum
300 3110 331 3167 in
342 3108 563 3170 transmarinas
574 3109 657 3170 misit
670 3108 870 3182 provinense
891 3107 957 3178 Qua
972 3108 989 3161 4

19 3193 218 3252 consiliorum
233 3208 375 3265 suorum,
398 3191 535 3253 ministro
558 3199 589 3251 et
609 3191 749 3250 adiutore
764 3206 841 3249 usus
855 3191 955 3250 Druso

10 3275 33 3337 io
51 3293 126 3349 suo,
146 3275 387 3350 Maroboduum,
408 3274 617 3335 inhaerentem
633 3273 774 3348 occupati
788 3273 874 3348 regni
889 3272 956 3335 fini-

10 3376 45 3435 .S,
69 3376 146 3435 pace
166 3357 334 3420 maiestatis
351 3357 418 3421 eius
434 3358 577 3431 dixerim,
602 3358 687 3418 velut
707 3366 882 3434 serpentem
903 3359 955 3420 ab·

10 3460 106 3506 usam
127 3453 226 3505 terrae
247 3442 423 3504 salubribus
445 3440 643 3503 consiliorum
670 3458 796 3503 suorum
822 3441 955 3505 medica-

10 3529 83 3591 entis
99 3529 201 3603 oo'egit
214 3525 342 3602 egredi?
360 3544 451 3602 quam
465 3526 548 3587 illnm
564 3533 595 3587 et
608 3526 759 3588 honorate
773 3543 832 3588 nec
846 3541 956 3587 secure

11 3611 130 3673 ntinet‘l
144 3611 281 3686 Quantae
293 3612 382 3673 molis
397 3612 509 3672 bellum
525 3610 665 3689 principe
678 3609 842 3671 Galliarum
857 3609 955 3668 olente
970 3615 985 3663 5
