2348 4222
160 395 203 483 39
428 393 468 452 Μ.
491 392 632 452 VELLEI
652 391 867 452 PATERCULI

160 549 401 622 Norbanumque
423 547 568 606 consules
590 554 731 620 superat,
754 562 883 620 quorum
898 545 1041 605 Norbanu

157 634 273 706 victus,
288 631 391 706 Scipio
403 631 442 690 ab
454 631 591 691 exercitu
603 646 660 690 suo
674 630 816 689 desertus
828 645 865 688 ae
878 630 1025 703 proditus,
1041 633 1044 688 i

133 719 240 782 alatus
264 732 282 774 a
304 714 389 774 Sulla
409 714 555 775 dimissus
577 726 633 773 est.
670 714 759 774 Adeo
781 713 861 772 enim
878 712 961 772 Sulla
982 713 1044 772 diss

162 802 218 861 luit
243 799 370 860 bellator
385 800 544 872 acvictor,
569 805 603 857 ut
623 798 694 857 dum
712 798 818 872 vincit,
844 799 1010 857 cautissimo
1036 797 1044 852 l

162 890 235 960 post
248 884 404 943 victoriam
420 882 524 943 audito
542 881 633 943 fuerit
647 881 808 941 crudelior.
838 881 913 938 Nam
932 886 962 938 et
974 896 1044 939 cons

162 976 196 1029 ut
211 967 435 1042 praediximus,
450 974 653 1039 exarmatum,
670 965 873 1038 Quintumque
887 961 1044 1022 Sertorium

165 1050 269 1126 quanti
284 1066 357 1110 mox
370 1050 442 1109 belli
458 1052 571 1109 lacem!
598 1057 628 1109 et
641 1049 754 1109 multos
769 1049 861 1118 alios,
890 1047 1006 1120 politus
1029 1063 1044 1105 e

164 1132 277 1194 dimisit
290 1132 468 1207 incolumiS,
490 1134 582 1192 credo
598 1128 676 1192 utin
692 1133 802 1192 eodem
822 1131 945 1190 homine
960 1131 1044 1204 dupli

135 1215 365 1280 ediversissinri
387 1216 479 1276 animi
500 1217 731 1291 conspiceretur
751 1216 934 1289 exemplum.
963 1213 1039 1274 Post

162 1301 240 1360 riam
257 1301 318 1376 qua
332 1301 498 1374 defendens
511 1306 644 1359 montem
658 1299 755 1359 Tifata
775 1315 843 1359 cum
860 1299 890 1357 C.
906 1297 1044 1358 Norbam

165 1392 300 1445 currerat
315 1384 400 1445 Sulla
420 1383 515 1458 gratis
536 1385 667 1456 Dianae,
691 1384 777 1442 cuius
799 1382 914 1441 numini
928 1382 1016 1455 regio
1031 1383 1044 1440 i

166 1475 324 1543 moreest,
340 1469 445 1541 solvit,
461 1484 559 1542 aquas
576 1468 752 1526 salubritate
768 1467 821 1538 [in]
839 1465 1044 1540 medendisqu

164 1553 293 1628 poribus
309 1552 421 1613 nobilis
436 1567 591 1626 agrosque
606 1551 705 1610 omnis
720 1548 838 1609 addixit
853 1551 940 1608 deae.
964 1549 1044 1608 Huiu

164 1642 214 1694 tae
229 1636 386 1708 religionis
401 1634 578 1695 memoriam
592 1640 623 1693 et
642 1633 801 1708 inscriptio
818 1632 922 1706 templi
945 1632 1044 1692 adfixa

164 1716 321 1789 hodieque
337 1724 367 1775 et
379 1717 484 1776 tabula
497 1724 626 1778 testatur
640 1733 731 1777 aerea
745 1718 824 1776 intra
839 1717 957 1775 aedem.

138 1796 153 1847 l
249 1799 357 1858 XXVI.
399 1799 518 1858 Deinde
534 1800 679 1860 consules
693 1801 789 1859 Carbo
805 1800 926 1859 tertium
943 1799 1044 1859 etcll

168 1883 304 1955 septiens
318 1883 453 1942 consulis
465 1883 562 1954 filius,
579 1898 678 1944 annos
690 1892 779 1944 natus
791 1882 896 1958 viginti
912 1899 985 1957 seX,
1002 1884 1044 1943 vir

165 1965 264 2040 magis
277 1982 369 2042 quam
375 1969 475 2040 lupeno
481 1966 610 2041 paterni,
623 1969 717 2027 multa
723 1969 903 2042 fortiterque
915 1969 1038 2027 molitus

166 2066 299 2124 usquam
312 2050 437 2112 inferior
451 2052 573 2112 nomine
589 2051 741 2127 consulis,
755 2052 839 2126 apud
854 2050 1044 2125 Sacriportur

167 2151 221 2194 sus
238 2150 256 2195 a
271 2133 356 2196 Sulla
370 2135 451 2209 acie,
466 2135 630 2194 Praeneste
645 2136 730 2210 quod
750 2142 814 2194 arte
834 2142 864 2195 et
878 2142 988 2194 natura
1001 2151 1044 2193 mr

138 2217 331 2292 apraesidiis
345 2218 533 2291 firmaverat,
556 2235 591 2276 se
606 2220 836 2293 exercitumque
852 2217 987 2278 contulit.
1015 2218 1042 2276 N

166 2316 297 2373 usquam
309 2300 397 2357 malis
409 2300 541 2373 publicis
554 2303 692 2374 deesset,
706 2302 736 2360 in
750 2318 810 2376 qua
822 2300 942 2362 civitate
953 2317 1042 2376 semp

165 2383 281 2442 tutibus
297 2388 442 2441 certatum
458 2391 537 2456 erat,
553 2385 725 2445 certabatur
746 2385 930 2458 sceleribus,
951 2387 1044 2460 optim

168 2465 226 2525 sibi
239 2464 408 2539 videbatur,
420 2465 472 2540 qui
484 2469 582 2528 luerat
593 2469 765 2542 pessimus:
783 2471 899 2543 quippe
915 2470 987 2528 dum
1001 2470 1040 2527 ad

165 2555 287 2624 portum
316 2549 490 2624 dimicatur,
516 2551 725 2628 Damasippus
750 2561 874 2627 praetor
898 2551 1044 2612 Domitiur

166 2632 322 2710 [Mucium]
338 2633 518 2693 Scaevolam
530 2636 635 2710 etiam,
647 2635 823 2710 pontificem
836 2638 1003 2696 maximum
1015 2642 1043 2694 et

165 2716 353 2788 humanique
367 2716 441 2775 iuris
457 2724 613 2777 auctorem
628 2719 874 2793 celeberrimum,
891 2727 921 2778 et
934 2720 965 2778 C.
981 2719 1044 2779 Cart

167 2799 363 2871 praetorium,
376 2802 513 2861 consulis
522 2803 660 2875 fratrem,
674 2804 875 2863 etAntistium
884 2803 1044 2863 aedilicius

138 2883 296 2954 3iaventis
314 2881 416 2943 Sullae
436 2884 576 2958 partibus
589 2887 618 2945 in
635 2888 719 2946 curia
732 2887 862 2948 Hostilia
883 2888 1044 2946 trucidavit

167 2965 277 3039 perdat
296 2966 478 3026 nobilissimi
498 2969 569 3028 iacti
584 2970 711 3043 gloriam
733 2970 908 3045 Calpurnia,
932 2970 1044 3030 Bestia

166 3065 246 3110 uxor
259 3049 386 3123 Antisti,
404 3050 649 3127 quaeiugulato,
672 3061 705 3112 ut
718 3056 945 3128 praediximuS,
966 3055 1035 3113 viro

167 3150 202 3193 se
214 3135 283 3208 ipsa
295 3135 456 3195 transfixit.
473 3136 624 3209 Quantum
635 3137 726 3198 huius
739 3136 855 3212 gloriae
868 3140 1034 3212 famaeque

168 3218 221 3276 sitl
243 3219 330 3278 Nunc
344 3221 454 3281 virtute
470 3221 582 3281 eminet
594 3220 621 3295 *,
637 3223 735 3296 patria
746 3225 828 3281 latet,
844 3221 861 3260 *

140 3316 156 3368 1
249 3301 370 3361 XXVII.
411 3305 453 3363 At
471 3303 597 3365 Pontius
611 3307 785 3379 Telesinus,
807 3307 871 3366 dux
887 3304 1044 3364 Samnitiu}

168 3379 259 3441 animi
275 3385 459 3446 fortissimus
473 3387 608 3463 bellique
624 3390 753 3464 peritas,
774 3390 914 3449 Romano
937 3389 1040 3448 nomin

168 3466 332 3541 stissimuS,
349 3472 513 3531 contractis
522 3471 642 3532 circiter
657 3473 811 3547 octogiuta
825 3474 948 3532 milibus
965 3472 1044 3532 fortir

167 3553 802 3630 pertinacissimaequeinretinendisarmis
816 3557 997 3630 iuventutis,
1013 3554 1044 3614 Ca

168 3652 206 3697 ec
216 3636 313 3698 Mario
327 3640 503 3700 consulibus
519 3641 629 3701 abhinc
645 3658 742 3702 annos
758 3647 877 3702 centum
894 3648 925 3701 et
939 3655 1044 3701 uoveu
