<?xml version="1.0" encoding="UTF-8"?>
<!DOCTYPE html PUBLIC "-//W3C//DTD XHTML 1.0 Transitional//EN"
    "http://www.w3.org/TR/xhtml1/DTD/xhtml1-transitional.dtd">
<html xmlns="http://www.w3.org/1999/xhtml" xml:lang="en" lang="en">
 <head>
  <title>
</title>
<meta http-equiv="Content-Type" content="text/html;charset=utf-8" />
  <meta name='ocr-system' content='tesseract 3.04.00' />
  <meta name='ocr-capabilities' content='ocr_page ocr_carea ocr_par ocr_line ocrx_word'/>
</head>
<body>
  <div class='ocr_page' id='page_1' title='image "./mvelleipatercul00haasgoog/mvelleipatercul00haasgoog_0009.png"; bbox 0 0 2348 4222; ppageno 0'>
   <div class='ocr_carea' id='block_1_1' title="bbox 136 482 916 538">
    <p class='ocr_par' dir='ltr' id='par_1_1' title="bbox 136 482 916 538">
     <span class='ocr_line' id='line_1_1' title="bbox 136 482 916 538; baseline -0.004 0"><span class='ocrx_word' id='word_1_1' title='bbox 136 500 166 538; x_wconf 76' lang='grc' dir='ltr'><strong>Π</strong></span> <span class='ocrx_word' id='word_1_2' title='bbox 396 486 502 536; x_wconf 77' lang='lat' dir='ltr'>Fuit).</span> <span class='ocrx_word' id='word_1_3' title='bbox 522 483 659 535; x_wconf 81' lang='lat' dir='ltr'>HAASIl</span> <span class='ocrx_word' id='word_1_4' title='bbox 681 482 916 535; x_wconf 82' lang='lat' dir='ltr'>PRAEFATIO.</span> 
     </span>
    </p>
   </div>
   <div class='ocr_carea' id='block_1_2' title="bbox 120 619 1174 3775">
    <p class='ocr_par' dir='ltr' id='par_1_2' title="bbox 134 619 1174 3220">
     <span class='ocr_line' id='line_1_2' title="bbox 136 619 1171 689; baseline -0.004 -16"><span class='ocrx_word' id='word_1_5' title='bbox 136 631 277 688; x_wconf 81' lang='lat' dir='ltr'>tegrarem,</span> <span class='ocrx_word' id='word_1_6' title='bbox 306 625 456 689; x_wconf 75' lang='lat' dir='ltr'>praesertim</span> <span class='ocrx_word' id='word_1_7' title='bbox 479 623 503 671; x_wconf 89' lang='lat' dir='ltr'>si</span> <span class='ocrx_word' id='word_1_8' title='bbox 521 630 545 669; x_wconf 94' lang='lat' dir='ltr'>ct</span> <span class='ocrx_word' id='word_1_9' title='bbox 562 623 674 684; x_wconf 78' lang='lat' dir='ltr'>corrupti</span> <span class='ocrx_word' id='word_1_10' title='bbox 692 621 741 669; x_wconf 88' lang='lat' dir='ltr'>loci</span> <span class='ocrx_word' id='word_1_11' title='bbox 762 626 852 669; x_wconf 86' lang='lat' dir='ltr'>natura</span> <span class='ocrx_word' id='word_1_12' title='bbox 870 629 894 669; x_wconf 91' lang='lat' dir='ltr'>et</span> <span class='ocrx_word' id='word_1_13' title='bbox 912 620 1049 685; x_wconf 89' lang='lat' dir='ltr'>supplendi</span> <span class='ocrx_word' id='word_1_14' title='bbox 1066 619 1171 669; x_wconf 74' lang='lat' dir='ltr'>facilia</span> 
     </span>
     <span class='ocr_line' id='line_1_3' title="bbox 135 688 1173 757; baseline -0.005 -16"><span class='ocrx_word' id='word_1_15' title='bbox 135 693 213 743; x_wconf 85' lang='lat' dir='ltr'>fidem</span> <span class='ocrx_word' id='word_1_16' title='bbox 231 693 360 757; x_wconf 82' lang='lat' dir='ltr'>iacerent,</span> <span class='ocrx_word' id='word_1_17' title='bbox 383 707 433 741; x_wconf 89' lang='lat' dir='ltr'>uon</span> <span class='ocrx_word' id='word_1_18' title='bbox 451 706 508 739; x_wconf 92' lang='lat' dir='ltr'>esse</span> <span class='ocrx_word' id='word_1_19' title='bbox 523 690 572 738; x_wconf 85' lang='lat' dir='ltr'>alio</span> <span class='ocrx_word' id='word_1_20' title='bbox 597 689 672 738; x_wconf 90' lang='lat' dir='ltr'>modo</span> <span class='ocrx_word' id='word_1_21' title='bbox 697 696 817 738; x_wconf 85' lang='lat' dir='ltr'>erratum:</span> <span class='ocrx_word' id='word_1_22' title='bbox 843 689 866 737; x_wconf 89' lang='lat' dir='ltr'>si</span> <span class='ocrx_word' id='word_1_23' title='bbox 890 691 947 750; x_wconf 90' lang='lat' dir='ltr'>quis</span> <span class='ocrx_word' id='word_1_24' title='bbox 973 698 1059 739; x_wconf 89' lang='lat' dir='ltr'>tamen</span> <span class='ocrx_word' id='word_1_25' title='bbox 1081 690 1108 737; x_wconf 90' lang='lat' dir='ltr'>iu</span> <span class='ocrx_word' id='word_1_26' title='bbox 1128 688 1173 737; x_wconf 88' lang='lat' dir='ltr'>ho</span> 
     </span>
     <span class='ocr_line' id='line_1_4' title="bbox 136 758 1171 819; baseline -0.004 -10"><span class='ocrx_word' id='word_1_27' title='bbox 136 760 244 811; x_wconf 87' lang='lat' dir='ltr'>oonsilio</span> <span class='ocrx_word' id='word_1_28' title='bbox 262 763 367 810; x_wconf 84' lang='lat' dir='ltr'>nimiam</span> <span class='ocrx_word' id='word_1_29' title='bbox 385 774 504 809; x_wconf 85' lang='lat' dir='ltr'>accusare</span> <span class='ocrx_word' id='word_1_30' title='bbox 524 758 591 808; x_wconf 87' lang='lat' dir='ltr'>volet</span> <span class='ocrx_word' id='word_1_31' title='bbox 610 758 757 818; x_wconf 77' lang='lat' dir='ltr'><strong>audaciam,</strong></span> <span class='ocrx_word' id='word_1_32' title='bbox 787 758 917 806; x_wconf 90' lang='lat' dir='ltr'>sciendum</span> <span class='ocrx_word' id='word_1_33' title='bbox 936 764 986 816; x_wconf 90' lang='lat' dir='ltr'>est,</span> <span class='ocrx_word' id='word_1_34' title='bbox 1016 773 1056 807; x_wconf 90' lang='lat' dir='ltr'>me</span> <span class='ocrx_word' id='word_1_35' title='bbox 1077 772 1171 819; x_wconf 91' lang='lat' dir='ltr'>quoqu</span> 
     </span>
     <span class='ocr_line' id='line_1_5' title="bbox 136 825 1151 893; baseline -0.002 -16"><span class='ocrx_word' id='word_1_36' title='bbox 136 829 221 893; x_wconf 88' lang='lat' dir='ltr'>ipsum</span> <span class='ocrx_word' id='word_1_37' title='bbox 239 831 323 879; x_wconf 89' lang='lat' dir='ltr'>verbis</span> <span class='ocrx_word' id='word_1_38' title='bbox 342 845 357 880; x_wconf 85' lang='lat' dir='ltr'>a</span> <span class='ocrx_word' id='word_1_39' title='bbox 374 844 415 877; x_wconf 91' lang='lat' dir='ltr'>me</span> <span class='ocrx_word' id='word_1_40' title='bbox 433 827 509 876; x_wconf 90' lang='lat' dir='ltr'>illatis</span> <span class='ocrx_word' id='word_1_41' title='bbox 525 827 601 875; x_wconf 88' lang='lat' dir='ltr'>fidem</span> <span class='ocrx_word' id='word_1_42' title='bbox 619 827 714 875; x_wconf 90' lang='lat' dir='ltr'>nullam</span> <span class='ocrx_word' id='word_1_43' title='bbox 730 827 841 875; x_wconf 87' lang='lat' dir='ltr'>tribuere</span> <span class='ocrx_word' id='word_1_44' title='bbox 859 826 905 875; x_wconf 88' lang='lat' dir='ltr'>sed</span> <span class='ocrx_word' id='word_1_45' title='bbox 922 825 986 875; x_wconf 87' lang='lat' dir='ltr'>velle</span> <span class='ocrx_word' id='word_1_46' title='bbox 1005 842 1034 875; x_wconf 89' lang='lat' dir='ltr'>ea</span> <span class='ocrx_word' id='word_1_47' title='bbox 1047 828 1151 890; x_wconf 90' lang='lat' dir='ltr'>siguoru</span> 
     </span>
     <span class='ocr_line' id='line_1_6' title="bbox 137 894 1174 959; baseline -0.003 -13"><span class='ocrx_word' id='word_1_48' title='bbox 137 900 297 959; x_wconf 85' lang='lat' dir='ltr'>quorundam</span> <span class='ocrx_word' id='word_1_49' title='bbox 317 899 400 946; x_wconf 87' lang='lat' dir='ltr'>locum</span> <span class='ocrx_word' id='word_1_50' title='bbox 420 899 545 954; x_wconf 88' lang='lat' dir='ltr'>obtinere,</span> <span class='ocrx_word' id='word_1_51' title='bbox 573 910 638 956; x_wconf 89' lang='lat' dir='ltr'>quae</span> <span class='ocrx_word' id='word_1_52' title='bbox 656 895 732 944; x_wconf 89' lang='lat' dir='ltr'>simul</span> <span class='ocrx_word' id='word_1_53' title='bbox 752 902 776 944; x_wconf 90' lang='lat' dir='ltr'>et</span> <span class='ocrx_word' id='word_1_54' title='bbox 796 895 907 943; x_wconf 87' lang='lat' dir='ltr'>iudicent</span> <span class='ocrx_word' id='word_1_55' title='bbox 931 895 1047 943; x_wconf 83' lang='lat' dir='ltr'><strong>lacunam</strong></span> <span class='ocrx_word' id='word_1_56' title='bbox 1073 902 1098 943; x_wconf 91' lang='lat' dir='ltr'>et</span> <span class='ocrx_word' id='word_1_57' title='bbox 1123 894 1174 943; x_wconf 90' lang='lat' dir='ltr'>eiu</span> 
     </span>
     <span class='ocr_line' id='line_1_7' title="bbox 138 963 1169 1031; baseline -0.004 -17"><span class='ocrx_word' id='word_1_58' title='bbox 138 967 263 1031; x_wconf 84' lang='lat' dir='ltr'>originem</span> <span class='ocrx_word' id='word_1_59' title='bbox 282 968 462 1015; x_wconf 87' lang='lat' dir='ltr'>demonstrent.</span> <span class='ocrx_word' id='word_1_60' title='bbox 499 966 582 1026; x_wconf 82' lang='lat' dir='ltr'><strong>Atque</strong></span> <span class='ocrx_word' id='word_1_61' title='bbox 598 964 662 1013; x_wconf 89' lang='lat' dir='ltr'>haec</span> <span class='ocrx_word' id='word_1_62' title='bbox 680 963 782 1027; x_wconf 87' lang='lat' dir='ltr'>quidem</span> <span class='ocrx_word' id='word_1_63' title='bbox 801 963 923 1028; x_wconf 87' lang='lat' dir='ltr'>peccandi</span> <span class='ocrx_word' id='word_1_64' title='bbox 946 979 1039 1027; x_wconf 87' lang='lat' dir='ltr'>genera</span> <span class='ocrx_word' id='word_1_65' title='bbox 1054 964 1137 1011; x_wconf 85' lang='lat' dir='ltr'>sintne</span> <span class='ocrx_word' id='word_1_66' title='bbox 1156 978 1169 1010; x_wconf 84' lang='lat' dir='ltr'>e</span> 
     </span>
     <span class='ocr_line' id='line_1_8' title="bbox 136 1032 1172 1096; baseline -0.001 -14"><span class='ocrx_word' id='word_1_67' title='bbox 136 1036 288 1094; x_wconf 84' lang='lat' dir='ltr'>tribuenda,</span> <span class='ocrx_word' id='word_1_68' title='bbox 325 1036 369 1096; x_wconf 92' lang='lat' dir='ltr'>qui</span> <span class='ocrx_word' id='word_1_69' title='bbox 396 1035 509 1083; x_wconf 84' lang='lat' dir='ltr'>codicem</span> <span class='ocrx_word' id='word_1_70' title='bbox 536 1032 727 1083; x_wconf 84' lang='lat' dir='ltr'>lllnrbaccnsem</span> <span class='ocrx_word' id='word_1_71' title='bbox 755 1034 856 1096; x_wconf 80' lang='lat' dir='ltr'>scripsit</span> <span class='ocrx_word' id='word_1_72' title='bbox 887 1046 919 1080; x_wconf 89' lang='lat' dir='ltr'>au</span> <span class='ocrx_word' id='word_1_73' title='bbox 944 1033 1075 1081; x_wconf 80' lang='lat' dir='ltr'>vetustiori</span> <span class='ocrx_word' id='word_1_74' title='bbox 1103 1032 1172 1081; x_wconf 88' lang='lat' dir='ltr'>alicu</span> 
     </span>
     <span class='ocr_line' id='line_1_9' title="bbox 136 1100 1155 1167; baseline -0.002 -16"><span class='ocrx_word' id='word_1_75' title='bbox 136 1101 259 1162; x_wconf 80' lang='lat' dir='ltr'>librar-to,</span> <span class='ocrx_word' id='word_1_76' title='bbox 284 1103 378 1151; x_wconf 83' lang='lat' dir='ltr'>frustra</span> <span class='ocrx_word' id='word_1_77' title='bbox 408 1117 527 1164; x_wconf 84' lang='lat' dir='ltr'>quaeras3</span> <span class='ocrx_word' id='word_1_78' title='bbox 561 1116 608 1149; x_wconf 87' lang='lat' dir='ltr'>nec</span> <span class='ocrx_word' id='word_1_79' title='bbox 635 1103 718 1167; x_wconf 85' lang='lat' dir='ltr'>magis</span> <span class='ocrx_word' id='word_1_80' title='bbox 743 1102 770 1149; x_wconf 91' lang='lat' dir='ltr'>id</span> <span class='ocrx_word' id='word_1_81' title='bbox 797 1108 902 1165; x_wconf 85' lang='lat' dir='ltr'>apparet</span> <span class='ocrx_word' id='word_1_82' title='bbox 925 1100 951 1149; x_wconf 90' lang='lat' dir='ltr'>iu</span> <span class='ocrx_word' id='word_1_83' title='bbox 974 1103 1047 1150; x_wconf 91' lang='lat' dir='ltr'>tortio</span> <span class='ocrx_word' id='word_1_84' title='bbox 1069 1101 1155 1162; x_wconf 83' lang='lat' dir='ltr'>quoda</span> 
     </span>
     <span class='ocr_line' id='line_1_10' title="bbox 136 1168 1174 1235; baseline -0.001 -15"><span class='ocrx_word' id='word_1_85' title='bbox 136 1173 256 1222; x_wconf 81' lang='lat' dir='ltr'>vitiorum</span> <span class='ocrx_word' id='word_1_86' title='bbox 275 1186 384 1235; x_wconf 87' lang='lat' dir='ltr'>genere,</span> <span class='ocrx_word' id='word_1_87' title='bbox 413 1171 481 1232; x_wconf 89' lang='lat' dir='ltr'>quod</span> <span class='ocrx_word' id='word_1_88' title='bbox 504 1171 577 1233; x_wconf 85' lang='lat' dir='ltr'>siguo</span> <span class='ocrx_word' id='word_1_89' title='bbox 600 1168 686 1232; x_wconf 87' lang='lat' dir='ltr'>aliquo</span> <span class='ocrx_word' id='word_1_90' title='bbox 711 1177 799 1219; x_wconf 86' lang='lat' dir='ltr'>notare</span> <span class='ocrx_word' id='word_1_91' title='bbox 825 1184 876 1218; x_wconf 91' lang='lat' dir='ltr'>non</span> <span class='ocrx_word' id='word_1_92' title='bbox 901 1171 986 1232; x_wconf 90' lang='lat' dir='ltr'>potui;</span> <span class='ocrx_word' id='word_1_93' title='bbox 1017 1170 1095 1219; x_wconf 88' lang='lat' dir='ltr'>verba</span> <span class='ocrx_word' id='word_1_94' title='bbox 1121 1170 1174 1219; x_wconf 85' lang='lat' dir='ltr'>dic·</span> 
     </span>
     <span class='ocr_line' id='line_1_11' title="bbox 137 1238 1173 1303; baseline -0.002 -15"><span class='ocrx_word' id='word_1_95' title='bbox 137 1242 325 1301; x_wconf 86' lang='lat' dir='ltr'>verborumque</span> <span class='ocrx_word' id='word_1_96' title='bbox 351 1239 588 1303; x_wconf 75' lang='lat' dir='ltr'>comprehensiones</span> <span class='ocrx_word' id='word_1_97' title='bbox 612 1255 626 1286; x_wconf 89' lang='lat' dir='ltr'>e</span> <span class='ocrx_word' id='word_1_98' title='bbox 644 1254 690 1286; x_wconf 91' lang='lat' dir='ltr'>suo</span> <span class='ocrx_word' id='word_1_99' title='bbox 709 1238 765 1287; x_wconf 86' lang='lat' dir='ltr'>loeo</span> <span class='ocrx_word' id='word_1_100' title='bbox 782 1241 809 1287; x_wconf 90' lang='lat' dir='ltr'>in</span> <span class='ocrx_word' id='word_1_101' title='bbox 828 1238 937 1286; x_wconf 84' lang='lat' dir='ltr'>alienum</span> <span class='ocrx_word' id='word_1_102' title='bbox 953 1238 1088 1295; x_wconf 89' lang='lat' dir='ltr'>traiectas;</span> <span class='ocrx_word' id='word_1_103' title='bbox 1108 1240 1173 1287; x_wconf 90' lang='lat' dir='ltr'>cuiu</span> 
     </span>
     <span class='ocr_line' id='line_1_12' title="bbox 139 1306 1173 1372; baseline 0 -17"><span class='ocrx_word' id='word_1_104' title='bbox 139 1310 232 1358; x_wconf 88' lang='lat' dir='ltr'>erroris</span> <span class='ocrx_word' id='word_1_105' title='bbox 258 1323 315 1356; x_wconf 90' lang='lat' dir='ltr'>cum</span> <span class='ocrx_word' id='word_1_106' title='bbox 344 1308 404 1356; x_wconf 91' lang='lat' dir='ltr'>olim</span> <span class='ocrx_word' id='word_1_107' title='bbox 429 1308 481 1355; x_wconf 87' lang='lat' dir='ltr'>iam</span> <span class='ocrx_word' id='word_1_108' title='bbox 508 1306 604 1367; x_wconf 84' lang='lat' dir='ltr'>aliquot</span> <span class='ocrx_word' id='word_1_109' title='bbox 635 1307 753 1370; x_wconf 83' lang='lat' dir='ltr'>exempla</span> <span class='ocrx_word' id='word_1_110' title='bbox 785 1307 906 1372; x_wconf 83' lang='lat' dir='ltr'>indagavi</span> <span class='ocrx_word' id='word_1_111' title='bbox 938 1307 1102 1371; x_wconf 88' lang='lat' dir='ltr'>comprobata</span> <span class='ocrx_word' id='word_1_112' title='bbox 1136 1306 1173 1355; x_wconf 89' lang='lat' dir='ltr'>ill</span> 
     </span>
     <span class='ocr_line' id='line_1_13' title="bbox 138 1371 1173 1439; baseline -0.004 -12"><span class='ocrx_word' id='word_1_113' title='bbox 138 1378 228 1427; x_wconf 78' lang='lat' dir='ltr'>Kritaii</span> <span class='ocrx_word' id='word_1_114' title='bbox 246 1376 355 1435; x_wconf 90' lang='lat' dir='ltr'>iudicio,</span> <span class='ocrx_word' id='word_1_115' title='bbox 377 1385 431 1424; x_wconf 91' lang='lat' dir='ltr'>tum</span> <span class='ocrx_word' id='word_1_116' title='bbox 450 1377 497 1423; x_wconf 89' lang='lat' dir='ltr'>tria</span> <span class='ocrx_word' id='word_1_117' title='bbox 514 1390 581 1423; x_wconf 91' lang='lat' dir='ltr'>nuuc</span> <span class='ocrx_word' id='word_1_118' title='bbox 599 1376 702 1429; x_wconf 89' lang='lat' dir='ltr'>addidi;</span> <span class='ocrx_word' id='word_1_119' title='bbox 728 1390 787 1423; x_wconf 89' lang='lat' dir='ltr'>nam</span> <span class='ocrx_word' id='word_1_120' title='bbox 806 1391 862 1439; x_wconf 90' lang='lat' dir='ltr'>cap.</span> <span class='ocrx_word' id='word_1_121' title='bbox 882 1371 916 1425; x_wconf 82' lang='lat'>95</span> <span class='ocrx_word' id='word_1_122' title='bbox 935 1383 996 1424; x_wconf 86' lang='lat' dir='ltr'>extr.</span> <span class='ocrx_word' id='word_1_123' title='bbox 1024 1390 1081 1425; x_wconf 88' lang='lat' dir='ltr'>eum</span> <span class='ocrx_word' id='word_1_124' title='bbox 1107 1384 1173 1424; x_wconf 86' lang='lat' dir='ltr'>aute</span> 
     </span>
     <span class='ocr_line' id='line_1_14' title="bbox 137 1444 1165 1511; baseline -0.001 -17"><span class='ocrx_word' id='word_1_125' title='bbox 137 1446 265 1511; x_wconf 84' lang='lat' dir='ltr'>legeretur</span> <span class='ocrx_word' id='word_1_126' title='bbox 284 1446 333 1492; x_wconf 90' lang='lat' dir='ltr'>sio:</span> <span class='ocrx_word' id='word_1_127' title='bbox 358 1444 572 1501; x_wconf 76' lang='lat' dir='ltr'>adulescentibus,</span> <span class='ocrx_word' id='word_1_128' title='bbox 598 1452 643 1493; x_wconf 87' lang='lat' dir='ltr'>aat</span> <span class='ocrx_word' id='word_1_129' title='bbox 664 1444 806 1493; x_wconf 78' lang='lat' dir='ltr'>adiicientes</span> <span class='ocrx_word' id='word_1_130' title='bbox 826 1445 931 1503; x_wconf 84' lang='lat' dir='ltr'>andire,</span> <span class='ocrx_word' id='word_1_131' title='bbox 954 1444 1021 1508; x_wconf 86' lang='lat' dir='ltr'>qaod</span> <span class='ocrx_word' id='word_1_132' title='bbox 1037 1459 1086 1493; x_wconf 85' lang='lat' dir='ltr'>noa</span> <span class='ocrx_word' id='word_1_133' title='bbox 1103 1459 1165 1509; x_wconf 74' lang='lat' dir='ltr'>agn</span> 
     </span>
     <span class='ocr_line' id='line_1_15' title="bbox 138 1512 1167 1577; baseline -0.002 -13"><span class='ocrx_word' id='word_1_134' title='bbox 138 1522 223 1564; x_wconf 85' lang='lat' dir='ltr'>sceret</span> <span class='ocrx_word' id='word_1_135' title='bbox 245 1529 340 1572; x_wconf 81' lang='lat' dir='ltr'>seneoe,</span> <span class='ocrx_word' id='word_1_136' title='bbox 362 1529 409 1577; x_wconf 88' lang='lat' dir='ltr'>ego</span> <span class='ocrx_word' id='word_1_137' title='bbox 427 1513 505 1560; x_wconf 84' lang='lat' dir='ltr'>malui</span> <span class='ocrx_word' id='word_1_138' title='bbox 524 1512 627 1561; x_wconf 83' lang='lat' dir='ltr'>audiret</span> <span class='ocrx_word' id='word_1_139' title='bbox 651 1514 762 1560; x_wconf 87' lang='lat' dir='ltr'>scribere</span> <span class='ocrx_word' id='word_1_140' title='bbox 779 1520 804 1561; x_wconf 92' lang='lat' dir='ltr'>et</span> <span class='ocrx_word' id='word_1_141' title='bbox 820 1513 1018 1576; x_wconf 81' lang='lat' dir='ltr'>transpositione</span> <span class='ocrx_word' id='word_1_142' title='bbox 1035 1514 1087 1573; x_wconf 91' lang='lat' dir='ltr'>uti,</span> <span class='ocrx_word' id='word_1_143' title='bbox 1104 1528 1167 1575; x_wconf 88' lang='lat' dir='ltr'>qua</span> 
     </span>
     <span class='ocr_line' id='line_1_16' title="bbox 138 1580 1173 1645; baseline -0.002 -12"><span class='ocrx_word' id='word_1_144' title='bbox 138 1583 179 1633; x_wconf 89' lang='lat' dir='ltr'>vel</span> <span class='ocrx_word' id='word_1_145' title='bbox 196 1581 317 1631; x_wconf 88' lang='lat' dir='ltr'>delendas</span> <span class='ocrx_word' id='word_1_146' title='bbox 336 1583 448 1630; x_wconf 87' lang='lat' dir='ltr'>iudicare</span> <span class='ocrx_word' id='word_1_147' title='bbox 466 1590 516 1629; x_wconf 91' lang='lat' dir='ltr'>tres</span> <span class='ocrx_word' id='word_1_148' title='bbox 534 1595 608 1630; x_wconf 86' lang='lat' dir='ltr'>voces</span> <span class='ocrx_word' id='word_1_149' title='bbox 627 1596 685 1629; x_wconf 91' lang='lat' dir='ltr'>cum</span> <span class='ocrx_word' id='word_1_150' title='bbox 702 1580 860 1640; x_wconf 80' lang='lat' dir='ltr'>llrrhnkeuio,</span> <span class='ocrx_word' id='word_1_151' title='bbox 879 1582 997 1645; x_wconf 89' lang='lat' dir='ltr'>Krausio,</span> <span class='ocrx_word' id='word_1_152' title='bbox 1017 1580 1121 1641; x_wconf 83' lang='lat' dir='ltr'>Gladio,</span> <span class='ocrx_word' id='word_1_153' title='bbox 1140 1598 1173 1631; x_wconf 87' lang='lat' dir='ltr'>ve</span> 
     </span>
     <span class='ocr_line' id='line_1_17' title="bbox 138 1649 1171 1713; baseline 0.001 -13"><span class='ocrx_word' id='word_1_154' title='bbox 138 1666 195 1700; x_wconf 91' lang='lat' dir='ltr'>cum</span> <span class='ocrx_word' id='word_1_155' title='bbox 222 1652 315 1699; x_wconf 76' lang='lat' dir='ltr'>llritzio</span> <span class='ocrx_word' id='word_1_156' title='bbox 344 1652 505 1712; x_wconf 84' lang='lat' dir='ltr'>acquiescere</span> <span class='ocrx_word' id='word_1_157' title='bbox 530 1651 555 1696; x_wconf 93' lang='lat' dir='ltr'>in</span> <span class='ocrx_word' id='word_1_158' title='bbox 582 1650 788 1713; x_wconf 86' lang='lat' dir='ltr'>interpretatione</span> <span class='ocrx_word' id='word_1_159' title='bbox 818 1649 980 1699; x_wconf 88' lang='lat' dir='ltr'>vehementer</span> <span class='ocrx_word' id='word_1_160' title='bbox 1008 1651 1171 1701; x_wconf 86' lang='lat' dir='ltr'>incommoda</span> 
     </span>
     <span class='ocr_line' id='line_1_18' title="bbox 137 1715 1169 1781; baseline 0.002 -14"><span class='ocrx_word' id='word_1_161' title='bbox 137 1720 201 1768; x_wconf 88' lang='lat' dir='ltr'>Item</span> <span class='ocrx_word' id='word_1_162' title='bbox 217 1733 273 1781; x_wconf 86' lang='lat' dir='ltr'>cap.</span> <span class='ocrx_word' id='word_1_163' title='bbox 295 1715 338 1775; x_wconf 84' lang='lat'>84,</span> <span class='ocrx_word' id='word_1_164' title='bbox 354 1718 370 1767; x_wconf 78' lang='grc'>2</span> <span class='ocrx_word' id='word_1_165' title='bbox 389 1720 465 1766; x_wconf 82' lang='lat' dir='ltr'>verba</span> <span class='ocrx_word' id='word_1_166' title='bbox 482 1716 543 1767; x_wconf 75' lang='lat' dir='ltr'>illut</span> <span class='ocrx_word' id='word_1_167' title='bbox 562 1717 621 1766; x_wconf 81' lang='lat' dir='ltr'>licor</span> <span class='ocrx_word' id='word_1_168' title='bbox 638 1717 761 1780; x_wconf 75' lang='lat' dir='ltr'>Amyntas</span> <span class='ocrx_word' id='word_1_169' title='bbox 784 1744 815 1752; x_wconf 91' lang='lat'><em>-</em></span> <span class='ocrx_word' id='word_1_170' title='bbox 834 1720 973 1767; x_wconf 66' lang='lat' dir='ltr'>trananticit</span> <span class='ocrx_word' id='word_1_171' title='bbox 990 1720 1027 1767; x_wconf 89' lang='lat' dir='ltr'>ad</span> <span class='ocrx_word' id='word_1_172' title='bbox 1045 1719 1169 1769; x_wconf 77' lang='lat' dir='ltr'>Caesar</span> 
     </span>
     <span class='ocr_line' id='line_1_19' title="bbox 138 1785 1168 1852; baseline 0.002 -16"><span class='ocrx_word' id='word_1_173' title='bbox 138 1802 189 1837; x_wconf 90' lang='lat' dir='ltr'>nou</span> <span class='ocrx_word' id='word_1_174' title='bbox 209 1796 276 1835; x_wconf 89' lang='lat' dir='ltr'>recte</span> <span class='ocrx_word' id='word_1_175' title='bbox 300 1786 396 1834; x_wconf 87' lang='lat' dir='ltr'>credidi</span> <span class='ocrx_word' id='word_1_176' title='bbox 416 1802 431 1833; x_wconf 85' lang='lat' dir='ltr'>a</span> <span class='ocrx_word' id='word_1_177' title='bbox 449 1785 621 1848; x_wconf 86' lang='lat' dir='ltr'>superioribus</span> <span class='ocrx_word' id='word_1_178' title='bbox 639 1788 740 1850; x_wconf 90' lang='lat' dir='ltr'>seiungi</span> <span class='ocrx_word' id='word_1_179' title='bbox 765 1786 920 1849; x_wconf 82' lang='lat' dir='ltr'>interpositis</span> <span class='ocrx_word' id='word_1_180' title='bbox 942 1787 1006 1836; x_wconf 87' lang='lat' dir='ltr'>illis:</span> <span class='ocrx_word' id='word_1_181' title='bbox 1028 1788 1136 1852; x_wconf 81' lang='lat' dir='ltr'>(lenique</span> <span class='ocrx_word' id='word_1_182' title='bbox 1161 1790 1168 1801; x_wconf 94' lang='lat'>&#39;</span> 
     </span>
     <span class='ocr_line' id='line_1_20' title="bbox 138 1853 1159 1916; baseline 0.002 -12"><span class='ocrx_word' id='word_1_183' title='bbox 138 1872 183 1905; x_wconf 84' lang='lat' dir='ltr'>ore</span> <span class='ocrx_word' id='word_1_184' title='bbox 201 1880 234 1891; x_wconf 78' lang='grc'><strong>-</strong></span> <span class='ocrx_word' id='word_1_185' title='bbox 253 1855 343 1902; x_wconf 82' lang='lat' dir='ltr'>classis</span> <span class='ocrx_word' id='word_1_186' title='bbox 360 1854 462 1902; x_wconf 76' lang='lat' dir='ltr'>hostium</span> <span class='ocrx_word' id='word_1_187' title='bbox 483 1860 618 1913; x_wconf 81' lang='lat' dir='ltr'>caperata3</span> <span class='ocrx_word' id='word_1_188' title='bbox 643 1862 668 1901; x_wconf 89' lang='lat' dir='ltr'>et</span> <span class='ocrx_word' id='word_1_189' title='bbox 684 1868 741 1916; x_wconf 85' lang='lat' dir='ltr'>cap.</span> <span class='ocrx_word' id='word_1_190' title='bbox 762 1853 815 1904; x_wconf 88' lang='grc'>110</span> <span class='ocrx_word' id='word_1_191' title='bbox 835 1864 898 1906; x_wconf 89' lang='lat' dir='ltr'>extr.</span> <span class='ocrx_word' id='word_1_192' title='bbox 917 1856 994 1904; x_wconf 89' lang='lat' dir='ltr'>verba</span> <span class='ocrx_word' id='word_1_193' title='bbox 1011 1854 1067 1905; x_wconf 87' lang='lat' dir='ltr'>illa:</span> <span class='ocrx_word' id='word_1_194' title='bbox 1093 1858 1159 1906; x_wconf 74' lang='grc' dir='ltr'>ιιιιιίΙ</span> 
     </span>
     <span class='ocr_line' id='line_1_21' title="bbox 139 1922 1173 1986; baseline 0.002 -12"><span class='ocrx_word' id='word_1_195' title='bbox 139 1928 165 1974; x_wconf 82' lang='lat' dir='ltr'>ia</span> <span class='ocrx_word' id='word_1_196' title='bbox 182 1931 271 1972; x_wconf 80' lang='lat' dir='ltr'>senata</span> <span class='ocrx_word' id='word_1_197' title='bbox 294 1936 346 1971; x_wconf 77' lang='lat' dir='ltr'>vom</span> <span class='ocrx_word' id='word_1_198' title='bbox 370 1949 403 1958; x_wconf 94' lang='lat'>—</span> <span class='ocrx_word' id='word_1_199' title='bbox 431 1923 564 1984; x_wconf 83' lang='lat' dir='ltr'>pollicitati</span> <span class='ocrx_word' id='word_1_200' title='bbox 587 1924 666 1970; x_wconf 77' lang='lat' dir='ltr'>ornata</span> <span class='ocrx_word' id='word_1_201' title='bbox 692 1924 868 1986; x_wconf 87' lang='lat' dir='ltr'>anteponenda</span> <span class='ocrx_word' id='word_1_202' title='bbox 892 1925 978 1986; x_wconf 85' lang='lat' dir='ltr'>putavi</span> <span class='ocrx_word' id='word_1_203' title='bbox 1000 1922 1066 1973; x_wconf 87' lang='lat' dir='ltr'>illis:</span> <span class='ocrx_word' id='word_1_204' title='bbox 1092 1925 1173 1975; x_wconf 70' lang='lat' dir='ltr'>flat·</span> 
     </span>
     <span class='ocr_line' id='line_1_22' title="bbox 136 1991 1159 2056; baseline 0 -13"><span class='ocrx_word' id='word_1_205' title='bbox 136 1996 223 2056; x_wconf 83' lang='lat' dir='ltr'>itaque</span> <span class='ocrx_word' id='word_1_206' title='bbox 248 1992 359 2040; x_wconf 80' lang='lat' dir='ltr'>deleaute</span> <span class='ocrx_word' id='word_1_207' title='bbox 381 2015 416 2026; x_wconf 91' lang='lat'><em>-</em></span> <span class='ocrx_word' id='word_1_208' title='bbox 438 1998 542 2040; x_wconf 87' lang='lat' dir='ltr'>coactae</span> <span class='ocrx_word' id='word_1_209' title='bbox 566 1991 630 2038; x_wconf 85' lang='lat' dir='ltr'>dare</span> <span class='ocrx_word' id='word_1_210' title='bbox 653 1992 764 2054; x_wconf 76' lang='lat' dir='ltr'>utilitern,</span> <span class='ocrx_word' id='word_1_211' title='bbox 797 2006 846 2052; x_wconf 89' lang='lat' dir='ltr'>quo</span> <span class='ocrx_word' id='word_1_212' title='bbox 868 1991 924 2041; x_wconf 92' lang='lat' dir='ltr'>loco</span> <span class='ocrx_word' id='word_1_213' title='bbox 949 1992 1097 2042; x_wconf 84' lang='lat' dir='ltr'>traiectione</span> <span class='ocrx_word' id='word_1_214' title='bbox 1126 2010 1159 2043; x_wconf 80' lang='lat' dir='ltr'>ve</span> 
     </span>
     <span class='ocr_line' id='line_1_23' title="bbox 139 2060 1168 2125; baseline 0.003 -15"><span class='ocrx_word' id='word_1_215' title='bbox 139 2061 227 2111; x_wconf 86' lang='lat' dir='ltr'>borum</span> <span class='ocrx_word' id='word_1_216' title='bbox 247 2066 301 2108; x_wconf 87' lang='lat' dir='ltr'>orta</span> <span class='ocrx_word' id='word_1_217' title='bbox 320 2060 396 2108; x_wconf 88' lang='lat' dir='ltr'>etiam</span> <span class='ocrx_word' id='word_1_218' title='bbox 413 2067 451 2108; x_wconf 89' lang='lat' dir='ltr'>est</span> <span class='ocrx_word' id='word_1_219' title='bbox 465 2060 571 2117; x_wconf 86' lang='lat' dir='ltr'>lacuna,</span> <span class='ocrx_word' id='word_1_220' title='bbox 599 2073 675 2120; x_wconf 88' lang='lat' dir='ltr'>quam</span> <span class='ocrx_word' id='word_1_221' title='bbox 692 2060 731 2108; x_wconf 92' lang='lat' dir='ltr'>bis</span> <span class='ocrx_word' id='word_1_222' title='bbox 755 2061 840 2122; x_wconf 86' lang='lat' dir='ltr'>posita</span> <span class='ocrx_word' id='word_1_223' title='bbox 862 2075 924 2110; x_wconf 88' lang='lat' dir='ltr'>voce</span> <span class='ocrx_word' id='word_1_224' title='bbox 946 2062 1028 2109; x_wconf 86' lang='lat' dir='ltr'>omnia</span> <span class='ocrx_word' id='word_1_225' title='bbox 1054 2069 1168 2125; x_wconf 89' lang='lat' dir='ltr'>utcunqu</span> 
     </span>
     <span class='ocr_line' id='line_1_24' title="bbox 138 2128 1174 2191; baseline 0.003 -13"><span class='ocrx_word' id='word_1_226' title='bbox 138 2129 242 2187; x_wconf 85' lang='lat' dir='ltr'>sustuli;</span> <span class='ocrx_word' id='word_1_227' title='bbox 267 2130 293 2176; x_wconf 94' lang='lat' dir='ltr'>iu</span> <span class='ocrx_word' id='word_1_228' title='bbox 318 2128 375 2178; x_wconf 88' lang='lat' dir='ltr'>cod.</span> <span class='ocrx_word' id='word_1_229' title='bbox 395 2128 476 2176; x_wconf 86' lang='lat' dir='ltr'>lllurb.</span> <span class='ocrx_word' id='word_1_230' title='bbox 504 2130 571 2175; x_wconf 87' lang='lat' dir='ltr'>enim</span> <span class='ocrx_word' id='word_1_231' title='bbox 594 2128 715 2191; x_wconf 88' lang='lat' dir='ltr'>scriptum</span> <span class='ocrx_word' id='word_1_232' title='bbox 739 2128 840 2177; x_wconf 88' lang='lat' dir='ltr'>videtur</span> <span class='ocrx_word' id='word_1_233' title='bbox 857 2129 949 2179; x_wconf 80' lang='lat' dir='ltr'>fuisse:</span> <span class='ocrx_word' id='word_1_234' title='bbox 975 2137 1086 2180; x_wconf 75' lang='lat' dir='ltr'>exactae</span> <span class='ocrx_word' id='word_1_235' title='bbox 1103 2132 1141 2181; x_wconf 82' lang='lat' dir='ltr'>ad</span> <span class='ocrx_word' id='word_1_236' title='bbox 1170 2155 1174 2173; x_wconf 65' lang='lat' dir='ltr'>t</span> 
     </span>
     <span class='ocr_line' id='line_1_25' title="bbox 138 2196 1174 2260; baseline 0.002 -13"><span class='ocrx_word' id='word_1_237' title='bbox 138 2198 225 2248; x_wconf 80' lang='lat' dir='ltr'>bellam</span> <span class='ocrx_word' id='word_1_238' title='bbox 239 2212 333 2259; x_wconf 78' lang='lat' dir='ltr'>operae</span> <span class='ocrx_word' id='word_1_239' title='bbox 345 2232 350 2244; x_wconf 93' lang='lat'>.</span> <span class='ocrx_word' id='word_1_240' title='bbox 360 2198 512 2259; x_wconf 80' lang='lat' dir='ltr'>pollicitati.</span> <span class='ocrx_word' id='word_1_241' title='bbox 526 2197 607 2245; x_wconf 79' lang='lat' dir='ltr'>arania</span> <span class='ocrx_word' id='word_1_242' title='bbox 621 2196 684 2245; x_wconf 69' lang='lat' dir='ltr'>llaec</span> <span class='ocrx_word' id='word_1_243' title='bbox 694 2198 797 2260; x_wconf 80' lang='lat' dir='ltr'>frastra</span> <span class='ocrx_word' id='word_1_244' title='bbox 810 2212 1046 2260; x_wconf 72' lang='lat' dir='ltr'>praeparamenta.</span> <span class='ocrx_word' id='word_1_245' title='bbox 1084 2200 1174 2259; x_wconf 83' lang='lat' dir='ltr'>Qullnu</span> 
     </span>
     <span class='ocr_line' id='line_1_26' title="bbox 138 2266 1170 2328; baseline 0.002 -13"><span class='ocrx_word' id='word_1_246' title='bbox 138 2266 201 2316; x_wconf 91' lang='lat' dir='ltr'>locis</span> <span class='ocrx_word' id='word_1_247' title='bbox 219 2268 243 2314; x_wconf 94' lang='lat' dir='ltr'>si</span> <span class='ocrx_word' id='word_1_248' title='bbox 258 2267 315 2328; x_wconf 92' lang='lat' dir='ltr'>quis</span> <span class='ocrx_word' id='word_1_249' title='bbox 334 2274 449 2313; x_wconf 84' lang='lat' dir='ltr'>accurate</span> <span class='ocrx_word' id='word_1_250' title='bbox 468 2272 492 2314; x_wconf 91' lang='lat' dir='ltr'>ct</span> <span class='ocrx_word' id='word_1_251' title='bbox 509 2280 550 2313; x_wconf 88' lang='lat' dir='ltr'>res</span> <span class='ocrx_word' id='word_1_252' title='bbox 567 2274 592 2313; x_wconf 89' lang='lat' dir='ltr'>et</span> <span class='ocrx_word' id='word_1_253' title='bbox 609 2266 686 2314; x_wconf 86' lang='lat' dir='ltr'>verba</span> <span class='ocrx_word' id='word_1_254' title='bbox 705 2267 842 2327; x_wconf 89' lang='lat' dir='ltr'>examinet,</span> <span class='ocrx_word' id='word_1_255' title='bbox 858 2282 909 2316; x_wconf 87' lang='lat' dir='ltr'>non</span> <span class='ocrx_word' id='word_1_256' title='bbox 929 2282 1019 2316; x_wconf 88' lang='lat' dir='ltr'>vereor</span> <span class='ocrx_word' id='word_1_257' title='bbox 1035 2282 1069 2317; x_wconf 88' lang='lat' dir='ltr'>ne</span> <span class='ocrx_word' id='word_1_258' title='bbox 1086 2268 1170 2317; x_wconf 83' lang='lat' dir='ltr'>Vell‘</span> 
     </span>
     <span class='ocr_line' id='line_1_27' title="bbox 138 2333 1174 2401; baseline 0.004 -18"><span class='ocrx_word' id='word_1_259' title='bbox 138 2337 316 2401; x_wconf 89' lang='lat' dir='ltr'>potiusquam</span> <span class='ocrx_word' id='word_1_260' title='bbox 335 2333 757 2398; x_wconf 85' lang='lat' dir='ltr'>librariialicuiusnegligeutium</span> <span class='ocrx_word' id='word_1_261' title='bbox 782 2337 927 2384; x_wconf 88' lang='lat' dir='ltr'>coercuisse</span> <span class='ocrx_word' id='word_1_262' title='bbox 952 2336 1047 2387; x_wconf 83' lang='lat' dir='ltr'>videar.</span> <span class='ocrx_word' id='word_1_263' title='bbox 1087 2337 1144 2397; x_wconf 84' lang='lat' dir='ltr'>Qua</span> <span class='ocrx_word' id='word_1_264' title='bbox 1172 2361 1174 2378; x_wconf 66' lang='grc' dir='ltr'>ι</span> 
     </span>
     <span class='ocr_line' id='line_1_28' title="bbox 138 2402 1169 2471; baseline 0.004 -21"><span class='ocrx_word' id='word_1_265' title='bbox 138 2404 250 2466; x_wconf 85' lang='lat' dir='ltr'>quodam</span> <span class='ocrx_word' id='word_1_266' title='bbox 274 2402 329 2449; x_wconf 91' lang='lat' dir='ltr'>loeo</span> <span class='ocrx_word' id='word_1_267' title='bbox 356 2402 471 2464; x_wconf 89' lang='lat' dir='ltr'>suspicor</span> <span class='ocrx_word' id='word_1_268' title='bbox 493 2402 574 2450; x_wconf 88' lang='lat' dir='ltr'>tribus</span> <span class='ocrx_word' id='word_1_269' title='bbox 593 2403 668 2450; x_wconf 91' lang='lat' dir='ltr'>simul</span> <span class='ocrx_word' id='word_1_270' title='bbox 687 2404 769 2451; x_wconf 91' lang='lat' dir='ltr'>modis</span> <span class='ocrx_word' id='word_1_271' title='bbox 793 2412 924 2466; x_wconf 84' lang='lat' dir='ltr'>peccatum</span> <span class='ocrx_word' id='word_1_272' title='bbox 941 2420 1015 2464; x_wconf 90' lang='lat' dir='ltr'>esse;</span> <span class='ocrx_word' id='word_1_273' title='bbox 1044 2420 1104 2454; x_wconf 87' lang='lat' dir='ltr'>nam</span> <span class='ocrx_word' id='word_1_274' title='bbox 1128 2406 1169 2471; x_wconf 90' lang='lat' dir='ltr'>pri</span> 
     </span>
     <span class='ocr_line' id='line_1_29' title="bbox 137 2470 1174 2539; baseline 0.006 -20"><span class='ocrx_word' id='word_1_275' title='bbox 137 2486 207 2519; x_wconf 91' lang='lat' dir='ltr'>mum</span> <span class='ocrx_word' id='word_1_276' title='bbox 226 2471 331 2519; x_wconf 90' lang='lat' dir='ltr'>dubium</span> <span class='ocrx_word' id='word_1_277' title='bbox 349 2483 399 2517; x_wconf 90' lang='lat' dir='ltr'>non</span> <span class='ocrx_word' id='word_1_278' title='bbox 418 2479 457 2518; x_wconf 89' lang='lat' dir='ltr'>est</span> <span class='ocrx_word' id='word_1_279' title='bbox 473 2471 534 2531; x_wconf 90' lang='lat' dir='ltr'>quin</span> <span class='ocrx_word' id='word_1_280' title='bbox 552 2470 611 2518; x_wconf 89' lang='lat' dir='ltr'>lihri</span> <span class='ocrx_word' id='word_1_281' title='bbox 628 2473 703 2534; x_wconf 92' lang='lat' dir='ltr'>primi</span> <span class='ocrx_word' id='word_1_282' title='bbox 719 2486 778 2535; x_wconf 91' lang='lat' dir='ltr'>pars</span> <span class='ocrx_word' id='word_1_283' title='bbox 796 2481 910 2522; x_wconf 86' lang='lat' dir='ltr'>extrema</span> <span class='ocrx_word' id='word_1_284' title='bbox 934 2474 1073 2533; x_wconf 60' lang='lat' dir='ltr'>exciderim</span> <span class='ocrx_word' id='word_1_285' title='bbox 1098 2490 1174 2539; x_wconf 85' lang='lat' dir='ltr'>nequ</span> 
     </span>
     <span class='ocr_line' id='line_1_30' title="bbox 139 2537 1174 2608; baseline 0.006 -21"><span class='ocrx_word' id='word_1_286' title='bbox 139 2540 206 2588; x_wconf 89' lang='lat' dir='ltr'>enim</span> <span class='ocrx_word' id='word_1_287' title='bbox 224 2540 246 2586; x_wconf 92' lang='lat' dir='ltr'>is</span> <span class='ocrx_word' id='word_1_288' title='bbox 263 2546 301 2587; x_wconf 90' lang='lat' dir='ltr'>est</span> <span class='ocrx_word' id='word_1_289' title='bbox 317 2537 445 2603; x_wconf 84' lang='lat' dir='ltr'>Velleius,</span> <span class='ocrx_word' id='word_1_290' title='bbox 471 2540 514 2600; x_wconf 90' lang='lat' dir='ltr'>qui</span> <span class='ocrx_word' id='word_1_291' title='bbox 532 2540 557 2586; x_wconf 92' lang='lat' dir='ltr'>in</span> <span class='ocrx_word' id='word_1_292' title='bbox 575 2537 620 2587; x_wconf 88' lang='lat' dir='ltr'>tali</span> <span class='ocrx_word' id='word_1_293' title='bbox 639 2556 680 2599; x_wconf 89' lang='lat' dir='ltr'>re,</span> <span class='ocrx_word' id='word_1_294' title='bbox 699 2540 801 2602; x_wconf 90' lang='lat' dir='ltr'>qualem</span> <span class='ocrx_word' id='word_1_295' title='bbox 818 2557 875 2605; x_wconf 89' lang='lat' dir='ltr'>cap.</span> <span class='ocrx_word' id='word_1_296' title='bbox 898 2538 940 2593; x_wconf 82' lang='lat'>18.</span> <span class='ocrx_word' id='word_1_297' title='bbox 961 2549 1064 2608; x_wconf 80' lang='lat' dir='ltr'>tractet,</span> <span class='ocrx_word' id='word_1_298' title='bbox 1089 2544 1174 2608; x_wconf 88' lang='lat' dir='ltr'>pauc&#39;</span> 
     </span>
     <span class='ocr_line' id='line_1_31' title="bbox 137 2606 1167 2675; baseline 0.006 -18"><span class='ocrx_word' id='word_1_299' title='bbox 137 2609 222 2657; x_wconf 88' lang='lat' dir='ltr'>verbis</span> <span class='ocrx_word' id='word_1_300' title='bbox 252 2608 374 2657; x_wconf 87' lang='lat' dir='ltr'>contineri</span> <span class='ocrx_word' id='word_1_301' title='bbox 401 2615 477 2669; x_wconf 89' lang='lat' dir='ltr'>queat</span> <span class='ocrx_word' id='word_1_302' title='bbox 506 2606 576 2661; x_wconf 89' lang='lat' dir='ltr'>nullo</span> <span class='ocrx_word' id='word_1_303' title='bbox 610 2609 708 2658; x_wconf 89' lang='lat' dir='ltr'>adiecto</span> <span class='ocrx_word' id='word_1_304' title='bbox 736 2613 917 2660; x_wconf 89' lang='lat' dir='ltr'>sententiarum</span> <span class='ocrx_word' id='word_1_305' title='bbox 947 2610 1068 2671; x_wconf 85' lang='lat' dir='ltr'>artificio;</span> <span class='ocrx_word' id='word_1_306' title='bbox 1097 2627 1167 2675; x_wconf 89' lang='lat' dir='ltr'>nequ</span> 
     </span>
     <span class='ocr_line' id='line_1_32' title="bbox 138 2674 1172 2731; baseline 0.007 -7"><span class='ocrx_word' id='word_1_307' title='bbox 138 2674 260 2725; x_wconf 88' lang='lat' dir='ltr'>credibile</span> <span class='ocrx_word' id='word_1_308' title='bbox 284 2685 322 2726; x_wconf 92' lang='lat' dir='ltr'>est</span> <span class='ocrx_word' id='word_1_309' title='bbox 339 2678 510 2725; x_wconf 88' lang='lat' dir='ltr'>Romanorum</span> <span class='ocrx_word' id='word_1_310' title='bbox 534 2676 583 2724; x_wconf 89' lang='lat' dir='ltr'>hoc</span> <span class='ocrx_word' id='word_1_311' title='bbox 604 2677 661 2727; x_wconf 92' lang='lat' dir='ltr'>loco</span> <span class='ocrx_word' id='word_1_312' title='bbox 684 2678 780 2728; x_wconf 89' lang='lat' dir='ltr'>nullam</span> <span class='ocrx_word' id='word_1_313' title='bbox 810 2680 965 2729; x_wconf 84' lang='lat' dir='ltr'>mentionem</span> <span class='ocrx_word' id='word_1_314' title='bbox 994 2679 1087 2729; x_wconf 82' lang='lat' dir='ltr'>lectam</span> <span class='ocrx_word' id='word_1_315' title='bbox 1114 2696 1172 2731; x_wconf 86' lang='lat' dir='ltr'>ess</span> 
     </span>
     <span class='ocr_line' id='line_1_33' title="bbox 138 2746 1167 2812; baseline 0.007 -19"><span class='ocrx_word' id='word_1_316' title='bbox 138 2746 244 2806; x_wconf 86' lang='lat' dir='ltr'>quasin</span> <span class='ocrx_word' id='word_1_317' title='bbox 263 2746 435 2809; x_wconf 88' lang='lat' dir='ltr'>superioribus</span> <span class='ocrx_word' id='word_1_318' title='bbox 452 2746 567 2793; x_wconf 87' lang='lat' dir='ltr'>studiose</span> <span class='ocrx_word' id='word_1_319' title='bbox 585 2759 641 2793; x_wconf 89' lang='lat' dir='ltr'>cum</span> <span class='ocrx_word' id='word_1_320' title='bbox 662 2746 764 2796; x_wconf 76' lang='lat' dir='ltr'>(irascis</span> <span class='ocrx_word' id='word_1_321' title='bbox 783 2750 938 2812; x_wconf 90' lang='lat' dir='ltr'>composuit;</span> <span class='ocrx_word' id='word_1_322' title='bbox 965 2763 1043 2808; x_wconf 88' lang='lat' dir='ltr'>quare</span> <span class='ocrx_word' id='word_1_323' title='bbox 1061 2748 1127 2799; x_wconf 91' lang='lat' dir='ltr'>nihil</span> <span class='ocrx_word' id='word_1_324' title='bbox 1144 2764 1167 2799; x_wconf 71' lang='lat' dir='ltr'>a:</span> 
     </span>
     <span class='ocr_line' id='line_1_34' title="bbox 137 2812 1165 2881; baseline 0.005 -19"><span class='ocrx_word' id='word_1_325' title='bbox 137 2812 300 2862; x_wconf 87' lang='lat' dir='ltr'>verisimilius</span> <span class='ocrx_word' id='word_1_326' title='bbox 319 2828 395 2873; x_wconf 87' lang='lat' dir='ltr'>quam</span> <span class='ocrx_word' id='word_1_327' title='bbox 418 2812 533 2861; x_wconf 90' lang='lat' dir='ltr'>additum</span> <span class='ocrx_word' id='word_1_328' title='bbox 560 2813 640 2863; x_wconf 88' lang='lat' dir='ltr'>fuisse</span> <span class='ocrx_word' id='word_1_329' title='bbox 668 2814 751 2864; x_wconf 91' lang='lat' dir='ltr'>locum</span> <span class='ocrx_word' id='word_1_330' title='bbox 776 2819 909 2868; x_wconf 86' lang='lat' dir='ltr'>sententiis</span> <span class='ocrx_word' id='word_1_331' title='bbox 932 2825 1098 2875; x_wconf 84' lang='lat' dir='ltr'>exornatum,</span> <span class='ocrx_word' id='word_1_332' title='bbox 1130 2834 1165 2881; x_wconf 87' lang='lat' dir='ltr'>qu</span> 
     </span>
     <span class='ocr_line' id='line_1_35' title="bbox 137 2880 1157 2946; baseline 0.009 -17"><span class='ocrx_word' id='word_1_333' title='bbox 137 2880 292 2945; x_wconf 85' lang='lat' dir='ltr'>significaret</span> <span class='ocrx_word' id='word_1_334' title='bbox 317 2881 426 2930; x_wconf 89' lang='lat' dir='ltr'>Romam</span> <span class='ocrx_word' id='word_1_335' title='bbox 456 2896 512 2930; x_wconf 90' lang='lat' dir='ltr'>esse</span> <span class='ocrx_word' id='word_1_336' title='bbox 538 2884 611 2943; x_wconf 87' lang='lat' dir='ltr'>quasi</span> <span class='ocrx_word' id='word_1_337' title='bbox 636 2882 728 2932; x_wconf 87' lang='lat' dir='ltr'>alteras</span> <span class='ocrx_word' id='word_1_338' title='bbox 755 2886 880 2946; x_wconf 88' lang='lat' dir='ltr'>quasdam</span> <span class='ocrx_word' id='word_1_339' title='bbox 902 2887 930 2935; x_wconf 90' lang='lat' dir='ltr'>in</span> <span class='ocrx_word' id='word_1_340' title='bbox 954 2884 1029 2935; x_wconf 85' lang='lat' dir='ltr'>Italia</span> <span class='ocrx_word' id='word_1_341' title='bbox 1054 2886 1157 2937; x_wconf 80' lang='lat' dir='ltr'>Athena</span> 
     </span>
     <span class='ocr_line' id='line_1_36' title="bbox 136 2948 1129 3017; baseline 0.007 -19"><span class='ocrx_word' id='word_1_342' title='bbox 136 2949 233 2998; x_wconf 89' lang='lat' dir='ltr'>Deinde</span> <span class='ocrx_word' id='word_1_343' title='bbox 252 2950 410 3013; x_wconf 86' lang='lat' dir='ltr'>adscriptum</span> <span class='ocrx_word' id='word_1_344' title='bbox 427 2948 508 2998; x_wconf 82' lang='lat' dir='ltr'>fuisse</span> <span class='ocrx_word' id='word_1_345' title='bbox 523 2951 549 2998; x_wconf 92' lang='lat' dir='ltr'>in</span> <span class='ocrx_word' id='word_1_346' title='bbox 568 2953 682 3017; x_wconf 85' lang='lat' dir='ltr'>margine</span> <span class='ocrx_word' id='word_1_347' title='bbox 700 2951 792 3002; x_wconf 83' lang='lat' dir='ltr'>lemma</span> <span class='ocrx_word' id='word_1_348' title='bbox 807 2955 908 3004; x_wconf 78' lang='lat' dir='ltr'>ridetur</span> <span class='ocrx_word' id='word_1_349' title='bbox 922 2953 986 3003; x_wconf 87' lang='lat' dir='ltr'>hoc:</span> <span class='ocrx_word' id='word_1_350' title='bbox 1006 2962 1032 3005; x_wconf 85' lang='lat' dir='ltr'>et</span> <span class='ocrx_word' id='word_1_351' title='bbox 1046 2957 1072 3005; x_wconf 85' lang='lat' dir='ltr'>ia</span> <span class='ocrx_word' id='word_1_352' title='bbox 1087 2954 1129 3005; x_wconf 79' lang='lat' dir='ltr'>It</span> 
     </span>
     <span class='ocr_line' id='line_1_37' title="bbox 137 3017 1170 3089; baseline 0.007 -22"><span class='ocrx_word' id='word_1_353' title='bbox 137 3019 207 3080; x_wconf 90' lang='lat' dir='ltr'>quod</span> <span class='ocrx_word' id='word_1_354' title='bbox 225 3033 282 3067; x_wconf 92' lang='lat' dir='ltr'>cum</span> <span class='ocrx_word' id='word_1_355' title='bbox 300 3020 366 3067; x_wconf 89' lang='lat' dir='ltr'>inter</span> <span class='ocrx_word' id='word_1_356' title='bbox 384 3019 441 3082; x_wconf 90' lang='lat' dir='ltr'>ipsa</span> <span class='ocrx_word' id='word_1_357' title='bbox 458 3017 549 3067; x_wconf 90' lang='lat' dir='ltr'>Velleii</span> <span class='ocrx_word' id='word_1_358' title='bbox 568 3022 646 3069; x_wconf 86' lang='lat' dir='ltr'>verba</span> <span class='ocrx_word' id='word_1_359' title='bbox 663 3021 782 3081; x_wconf 87' lang='lat' dir='ltr'>relatum,</span> <span class='ocrx_word' id='word_1_360' title='bbox 799 3023 909 3087; x_wconf 90' lang='lat' dir='ltr'>denique</span> <span class='ocrx_word' id='word_1_361' title='bbox 928 3021 1011 3072; x_wconf 86' lang='lat' dir='ltr'>alieno</span> <span class='ocrx_word' id='word_1_362' title='bbox 1031 3023 1090 3074; x_wconf 90' lang='lat' dir='ltr'>loco</span> <span class='ocrx_word' id='word_1_363' title='bbox 1109 3024 1170 3089; x_wconf 86' lang='lat' dir='ltr'>pasl</span> 
     </span>
     <span class='ocr_line' id='line_1_38' title="bbox 134 3087 1167 3153; baseline 0.009 -18"><span class='ocrx_word' id='word_1_364' title='bbox 134 3094 190 3135; x_wconf 92' lang='lat' dir='ltr'>tum</span> <span class='ocrx_word' id='word_1_365' title='bbox 209 3094 290 3145; x_wconf 89' lang='lat' dir='ltr'>esset,</span> <span class='ocrx_word' id='word_1_366' title='bbox 313 3087 474 3137; x_wconf 85' lang='lat' dir='ltr'>vehementer</span> <span class='ocrx_word' id='word_1_367' title='bbox 493 3090 605 3136; x_wconf 85' lang='lat' dir='ltr'>exercuit</span> <span class='ocrx_word' id='word_1_368' title='bbox 623 3090 787 3153; x_wconf 83' lang='lat' dir='ltr'>interpretes3</span> <span class='ocrx_word' id='word_1_369' title='bbox 812 3092 874 3140; x_wconf 90' lang='lat' dir='ltr'>mihi</span> <span class='ocrx_word' id='word_1_370' title='bbox 890 3092 918 3142; x_wconf 91' lang='lat' dir='ltr'>id</span> <span class='ocrx_word' id='word_1_371' title='bbox 938 3092 961 3141; x_wconf 91' lang='lat' dir='ltr'>si</span> <span class='ocrx_word' id='word_1_372' title='bbox 985 3106 1090 3143; x_wconf 83' lang='lat' dir='ltr'>servare</span> <span class='ocrx_word' id='word_1_373' title='bbox 1113 3108 1167 3143; x_wconf 55' lang='lat' dir='ltr'>vo.»</span> 
     </span>
     <span class='ocr_line' id='line_1_39' title="bbox 135 3156 711 3220; baseline 0.003 -16"><span class='ocrx_word' id='word_1_374' title='bbox 135 3156 203 3215; x_wconf 89' lang='lat' dir='ltr'>bam,</span> <span class='ocrx_word' id='word_1_375' title='bbox 222 3157 367 3205; x_wconf 87' lang='lat' dir='ltr'>necessario</span> <span class='ocrx_word' id='word_1_376' title='bbox 386 3158 412 3204; x_wconf 92' lang='lat' dir='ltr'>in</span> <span class='ocrx_word' id='word_1_377' title='bbox 426 3156 475 3204; x_wconf 84' lang='lat' dir='ltr'>liae</span> <span class='ocrx_word' id='word_1_378' title='bbox 490 3158 636 3220; x_wconf 88' lang='lat' dir='ltr'>ponendum</span> <span class='ocrx_word' id='word_1_379' title='bbox 653 3158 711 3206; x_wconf 84' lang='lat' dir='ltr'>fuit.</span> 
     </span>
    </p>

    <p class='ocr_par' dir='ltr' id='par_1_3' title="bbox 120 3225 1169 3775">
     <span class='ocr_line' id='line_1_40' title="bbox 203 3225 1168 3293; baseline 0.004 -20"><span class='ocrx_word' id='word_1_380' title='bbox 203 3226 237 3273; x_wconf 82' lang='lat' dir='ltr'>At</span> <span class='ocrx_word' id='word_1_381' title='bbox 255 3226 281 3273; x_wconf 90' lang='lat' dir='ltr'>iu</span> <span class='ocrx_word' id='word_1_382' title='bbox 297 3226 381 3275; x_wconf 89' lang='lat' dir='ltr'>verbis</span> <span class='ocrx_word' id='word_1_383' title='bbox 400 3225 507 3289; x_wconf 86' lang='lat' dir='ltr'>singulis</span> <span class='ocrx_word' id='word_1_384' title='bbox 526 3235 585 3286; x_wconf 91' lang='lat' dir='ltr'>quot</span> <span class='ocrx_word' id='word_1_385' title='bbox 604 3226 687 3274; x_wconf 89' lang='lat' dir='ltr'>modis</span> <span class='ocrx_word' id='word_1_386' title='bbox 702 3236 834 3290; x_wconf 90' lang='lat' dir='ltr'>peccatum</span> <span class='ocrx_word' id='word_1_387' title='bbox 852 3229 900 3287; x_wconf 88' lang='lat' dir='ltr'>sit,</span> <span class='ocrx_word' id='word_1_388' title='bbox 926 3228 1034 3293; x_wconf 87' lang='lat' dir='ltr'>longum</span> <span class='ocrx_word' id='word_1_389' title='bbox 1050 3234 1089 3279; x_wconf 83' lang='lat' dir='ltr'>est</span> <span class='ocrx_word' id='word_1_390' title='bbox 1108 3241 1168 3279; x_wconf 81' lang='lat' dir='ltr'>enar</span> 
     </span>
     <span class='ocr_line' id='line_1_41' title="bbox 134 3294 1162 3355; baseline 0.008 -16"><span class='ocrx_word' id='word_1_391' title='bbox 134 3306 205 3351; x_wconf 82' lang='lat' dir='ltr'>rnre,</span> <span class='ocrx_word' id='word_1_392' title='bbox 231 3308 312 3354; x_wconf 89' lang='lat' dir='ltr'>neque</span> <span class='ocrx_word' id='word_1_393' title='bbox 331 3295 357 3343; x_wconf 91' lang='lat' dir='ltr'>id</span> <span class='ocrx_word' id='word_1_394' title='bbox 373 3295 399 3341; x_wconf 88' lang='lat' dir='ltr'>in</span> <span class='ocrx_word' id='word_1_395' title='bbox 418 3294 576 3343; x_wconf 86' lang='lat' dir='ltr'>llurbaceusi</span> <span class='ocrx_word' id='word_1_396' title='bbox 593 3294 659 3345; x_wconf 91' lang='lat' dir='ltr'>libro</span> <span class='ocrx_word' id='word_1_397' title='bbox 677 3294 774 3355; x_wconf 89' lang='lat' dir='ltr'>solnm,</span> <span class='ocrx_word' id='word_1_398' title='bbox 804 3297 947 3346; x_wconf 86' lang='lat' dir='ltr'>sedetiam</span> <span class='ocrx_word' id='word_1_399' title='bbox 967 3304 1043 3347; x_wconf 85' lang='lat' dir='ltr'>antea</span> <span class='ocrx_word' id='word_1_400' title='bbox 1064 3296 1162 3347; x_wconf 77' lang='lat' dir='ltr'>laetum</span> 
     </span>
     <span class='ocr_line' id='line_1_42' title="bbox 133 3361 1169 3429; baseline 0.006 -20"><span class='ocrx_word' id='word_1_401' title='bbox 133 3362 243 3409; x_wconf 87' lang='lat' dir='ltr'>accessit</span> <span class='ocrx_word' id='word_1_402' title='bbox 260 3369 350 3425; x_wconf 89' lang='lat' dir='ltr'>postea</span> <span class='ocrx_word' id='word_1_403' title='bbox 370 3361 440 3410; x_wconf 91' lang='lat' dir='ltr'>haud</span> <span class='ocrx_word' id='word_1_404' title='bbox 465 3364 549 3411; x_wconf 90' lang='lat' dir='ltr'>minor</span> <span class='ocrx_word' id='word_1_405' title='bbox 572 3364 724 3414; x_wconf 88' lang='lat' dir='ltr'>emendandi</span> <span class='ocrx_word' id='word_1_406' title='bbox 745 3365 865 3429; x_wconf 84' lang='lat' dir='ltr'>licentia,</span> <span class='ocrx_word' id='word_1_407' title='bbox 891 3381 957 3427; x_wconf 87' lang='lat' dir='ltr'>quae</span> <span class='ocrx_word' id='word_1_408' title='bbox 982 3370 1169 3415; x_wconf 50' lang='lat' dir='ltr'>nonaum-01</span> 
     </span>
     <span class='ocr_line' id='line_1_43' title="bbox 120 3426 1162 3495; baseline 0.007 -17"><span class='ocrx_word' id='word_1_409' title='bbox 120 3426 209 3478; x_wconf 86' lang='lat' dir='ltr'>&#39;certis</span> <span class='ocrx_word' id='word_1_410' title='bbox 224 3430 324 3494; x_wconf 85' lang='lat' dir='ltr'>legibus</span> <span class='ocrx_word' id='word_1_411' title='bbox 341 3431 398 3495; x_wconf 86' lang='lat' dir='ltr'>regi</span> <span class='ocrx_word' id='word_1_412' title='bbox 414 3446 491 3495; x_wconf 88' lang='lat' dir='ltr'>posse</span> <span class='ocrx_word' id='word_1_413' title='bbox 508 3433 615 3484; x_wconf 87' lang='lat' dir='ltr'>videtur.</span> <span class='ocrx_word' id='word_1_414' title='bbox 653 3432 830 3491; x_wconf 84' lang='lat' dir='ltr'>Quaerendum</span> <span class='ocrx_word' id='word_1_415' title='bbox 852 3436 919 3483; x_wconf 90' lang='lat' dir='ltr'>enim</span> <span class='ocrx_word' id='word_1_416' title='bbox 942 3440 1000 3483; x_wconf 86' lang='lat' dir='ltr'>ante</span> <span class='ocrx_word' id='word_1_417' title='bbox 1023 3434 1110 3483; x_wconf 82' lang='lat' dir='ltr'>amula</span> <span class='ocrx_word' id='word_1_418' title='bbox 1133 3450 1162 3485; x_wconf 52' lang='lat' dir='ltr'>er</span> 
     </span>
     <span class='ocr_line' id='line_1_44' title="bbox 135 3498 1169 3563; baseline 0.008 -18"><span class='ocrx_word' id='word_1_419' title='bbox 135 3498 197 3559; x_wconf 91' lang='lat' dir='ltr'>quid</span> <span class='ocrx_word' id='word_1_420' title='bbox 221 3500 343 3563; x_wconf 87' lang='lat' dir='ltr'>scriptum</span> <span class='ocrx_word' id='word_1_421' title='bbox 368 3500 445 3549; x_wconf 89' lang='lat' dir='ltr'>suerit</span> <span class='ocrx_word' id='word_1_422' title='bbox 470 3502 495 3549; x_wconf 91' lang='lat' dir='ltr'>in</span> <span class='ocrx_word' id='word_1_423' title='bbox 520 3501 607 3549; x_wconf 89' lang='lat' dir='ltr'>codice</span> <span class='ocrx_word' id='word_1_424' title='bbox 629 3501 806 3561; x_wconf 81' lang='lat' dir='ltr'>lllurbecensi3</span> <span class='ocrx_word' id='word_1_425' title='bbox 836 3502 864 3550; x_wconf 90' lang='lat' dir='ltr'>id</span> <span class='ocrx_word' id='word_1_426' title='bbox 888 3510 973 3552; x_wconf 71' lang='lat' dir='ltr'>alitem</span> <span class='ocrx_word' id='word_1_427' title='bbox 1002 3502 1068 3553; x_wconf 82' lang='lat' dir='ltr'>adeo</span> <span class='ocrx_word' id='word_1_428' title='bbox 1095 3510 1136 3553; x_wconf 88' lang='lat' dir='ltr'>tot</span> <span class='ocrx_word' id='word_1_429' title='bbox 1161 3525 1169 3544; x_wconf 66' lang='lat' dir='ltr'>u</span> 
     </span>
     <span class='ocr_line' id='line_1_45' title="bbox 133 3566 1168 3630; baseline 0.007 -15"><span class='ocrx_word' id='word_1_430' title='bbox 133 3566 227 3630; x_wconf 87' lang='lat' dir='ltr'>pendet</span> <span class='ocrx_word' id='word_1_431' title='bbox 242 3583 274 3617; x_wconf 86' lang='lat' dir='ltr'>ex</span> <span class='ocrx_word' id='word_1_432' title='bbox 292 3567 408 3617; x_wconf 81' lang='lat' dir='ltr'>Rlienani</span> <span class='ocrx_word' id='word_1_433' title='bbox 427 3577 451 3617; x_wconf 90' lang='lat' dir='ltr'>et</span> <span class='ocrx_word' id='word_1_434' title='bbox 468 3569 567 3618; x_wconf 90' lang='lat' dir='ltr'>Burerii</span> <span class='ocrx_word' id='word_1_435' title='bbox 586 3570 750 3629; x_wconf 90' lang='lat' dir='ltr'>testimoniis,</span> <span class='ocrx_word' id='word_1_436' title='bbox 781 3578 809 3618; x_wconf 93' lang='lat' dir='ltr'>ut</span> <span class='ocrx_word' id='word_1_437' title='bbox 827 3570 1033 3621; x_wconf 80' lang='lat' dir='ltr'>Anierbachlauo</span> <span class='ocrx_word' id='word_1_438' title='bbox 1051 3570 1120 3621; x_wconf 88' lang='lat' dir='ltr'>libro</span> <span class='ocrx_word' id='word_1_439' title='bbox 1136 3586 1168 3621; x_wconf 59' lang='lat' dir='ltr'>aa</span> 
     </span>
     <span class='ocr_line' id='line_1_46' title="bbox 132 3634 1168 3701; baseline 0.006 -18"><span class='ocrx_word' id='word_1_440' title='bbox 132 3634 203 3683; x_wconf 90' lang='lat' dir='ltr'>nulla</span> <span class='ocrx_word' id='word_1_441' title='bbox 221 3644 262 3685; x_wconf 91' lang='lat' dir='ltr'>aut</span> <span class='ocrx_word' id='word_1_442' title='bbox 275 3639 368 3701; x_wconf 86' lang='lat' dir='ltr'>exigua</span> <span class='ocrx_word' id='word_1_443' title='bbox 380 3638 518 3688; x_wconf 90' lang='lat' dir='ltr'>admodum</span> <span class='ocrx_word' id='word_1_444' title='bbox 531 3646 555 3686; x_wconf 92' lang='lat' dir='ltr'>et</span> <span class='ocrx_word' id='word_1_445' title='bbox 567 3638 719 3687; x_wconf 89' lang='lat' dir='ltr'>secundaria</span> <span class='ocrx_word' id='word_1_446' title='bbox 729 3639 793 3688; x_wconf 88' lang='lat' dir='ltr'>fldes</span> <span class='ocrx_word' id='word_1_447' title='bbox 806 3640 942 3689; x_wconf 90' lang='lat' dir='ltr'>tribuenda</span> <span class='ocrx_word' id='word_1_448' title='bbox 954 3641 996 3692; x_wconf 91' lang='lat' dir='ltr'>sit.</span> <span class='ocrx_word' id='word_1_449' title='bbox 1032 3640 1168 3690; x_wconf 83' lang='lat' dir='ltr'>Editione</span> 
     </span>
     <span class='ocr_line' id='line_1_47' title="bbox 133 3706 1158 3775; baseline 0.006 -22"><span class='ocrx_word' id='word_1_450' title='bbox 133 3706 212 3769; x_wconf 86' lang='lat' dir='ltr'>igitur</span> <span class='ocrx_word' id='word_1_451' title='bbox 228 3707 369 3771; x_wconf 86' lang='lat' dir='ltr'>principem</span> <span class='ocrx_word' id='word_1_452' title='bbox 392 3722 439 3772; x_wconf 89' lang='lat' dir='ltr'>ego</span> <span class='ocrx_word' id='word_1_453' title='bbox 458 3722 558 3769; x_wconf 89' lang='lat' dir='ltr'>quoque</span> <span class='ocrx_word' id='word_1_454' title='bbox 578 3708 661 3757; x_wconf 92' lang='lat' dir='ltr'>denuo</span> <span class='ocrx_word' id='word_1_455' title='bbox 678 3707 812 3771; x_wconf 81' lang='lat' dir='ltr'>diligenter</span> <span class='ocrx_word' id='word_1_456' title='bbox 835 3709 953 3768; x_wconf 89' lang='lat' dir='ltr'>excussi,</span> <span class='ocrx_word' id='word_1_457' title='bbox 978 3708 1096 3775; x_wconf 84' lang='lat' dir='ltr'>exemplo</span> <span class='ocrx_word' id='word_1_458' title='bbox 1117 3722 1158 3759; x_wconf 61' lang='lat' dir='ltr'>ust</span> 
     </span>
    </p>
   </div>
   <div class='ocr_carea' id='block_1_3' title="bbox 0 0 1178 4213">
    <p class='ocr_par' dir='ltr' id='par_1_4' title="bbox 0 0 1178 4213">
     <span class='ocr_line' id='line_1_48' title="bbox 0 0 1178 4213; baseline 0 0"><span class='ocrx_word' id='word_1_459' title='bbox 0 0 1178 4213; x_wconf 95' lang='lat' dir='ltr'> </span> 
     </span>
    </p>
   </div>
  </div>
 </body>
</html>
