2348 4222
264 404 364 454 PRID.
382 403 518 453 HAASII
534 404 764 457 PRAEFATIO.
1007 421 1039 457 xx

10 537 106 586 kantin.
125 538 156 587 de
173 538 297 600 aquaedd.
317 554 338 586 e.
357 537 381 588 3.
406 554 436 588 aa
454 554 484 587 ne
501 539 562 602 puta
578 539 613 588 ad
629 543 704 588 totius
720 542 761 588 rei
775 541 907 602 pertinens
924 540 1037 589 notitiam

10 605 305 655 traetermisisseoidear.
329 606 359 653 H.

61 669 147 731 10,1.
171 673 358 737 Prosequamur
374 678 446 723 voto
463 677 622 722 seueritatem
633 687 771 722 aemorum.
795 672 823 721 B.

62 736 144 797 11,1.
169 740 312 792 immodicus
321 742 432 803 pieriae,
446 740 622 797 inritabilis,
640 741 770 802 impotens.
795 738 824 787 B.

10 843 16 851 .
61 801 112 864 12,
125 802 149 858 1.
175 805 280 870 Propter
295 807 416 856 Kritzium
432 821 522 856 moneo
539 807 645 855 Marium
668 806 813 867 Sullamque
837 808 965 872 copulatos
989 809 1037 860 dici

10 862 67 920 Lnasi
79 875 286 935 praecaventibus
299 874 356 923 satis
369 875 512 936 nequando
526 874 731 932 dissociarentur,
750 874 827 936 idque
839 876 945 936 quadarn
956 878 1037 941 pieta·

10 954 25 986 s
39 937 142 1003 copula;
155 939 207 988 vid.
222 940 271 990 Cio.
285 941 335 989 div.
349 942 378 995 iu
389 941 460 993 Gneo.
475 939 514 999 19,
528 938 569 989 61.
594 941 627 989 Η.

61 1002 112 1064 12,
125 1002 154 1062 5.
179 1014 212 1056 at
223 1008 288 1057 bona
298 1011 370 1058 matis
380 1023 540 1072 repensasse,
553 1015 581 1057 ut
592 1009 675 1074 priore
687 1012 752 1058 bons
762 1010 853 1059 Marius
866 1017 955 1075 postea
965 1009 1037 1059 malis

10 1072 130 1122 astulisse
141 1074 263 1123 videatur.
287 1077 320 1124 M.

61 1137 110 1256 116),
124 1138 150 1197 3.
175 1145 336 1205 appellarant
359 1143 469 1193 Italiam.
510 1142 604 1207 Bergk,
634 1142 753 1192 Zeitschr.
777 1143 796 1193 f.
821 1142 935 1194 Altthsw.
961 1142 1036 1194 1851.

10 1292 11 1296 ¹
61 1271 108 1334 16,
121 1273 149 1330 4.
173 1293 227 1325 rem
235 1279 325 1340 populi
335 1278 441 1327 Romani
452 1278 480 1326 Β.
505 1293 557 1328 rem
569 1277 704 1328 Romanam
715 1277 745 1326 Η.

64 1339 147 1400 17,1.
172 1347 223 1407 ipsi
234 1347 380 1394 exanimati.
398 1346 432 1394 M.
589 1354 592 1363 '

61 1404 107 1466 26,
121 1406 148 1464 5.
172 1411 253 1460 Probo
266 1427 333 1460 nune
345 1413 457 1460 dativum
469 1415 509 1460 aui
520 1413 658 1476 armeniae.
682 1412 712 1459 Η.

61 1470 105 1533 21,
120 1471 147 1530 2.
172 1479 216 1526 sub
228 1480 291 1542 ipsis
303 1479 429 1529 moenibus
444 1480 591 1544 focisque.
615 1479 644 1527 B.

61 1538 108 1601 23,
123 1539 148 1598 6.
173 1544 245 1593 Sutia
263 1551 444 1608 praesentem
467 1553 541 1594 ante
563 1550 644 1595 omnia
666 1548 850 1608 supplicemque
869 1544 1037 1594 Mithridaten

10 1612 95 1658 euenit.
121 1610 153 1658 ef.
168 1626 188 1658 o.
202 1610 243 1669 37,
258 1612 282 1662 3.
306 1616 417 1675 supplem
430 1619 455 1660 et
465 1627 598 1674 praesens.
622 1611 651 1659 B.

62 1671 148 1732 25,1.
174 1679 260 1740 quibus
272 1685 298 1726 et
313 1693 388 1740 spes
402 1683 512 1740 pessima
525 1685 550 1726 et
561 1680 690 1727 immodica
701 1680 827 1742 cupiditas
839 1685 904 1727 erat.
929 1677 957 1727 B.
982 1680 1035 1744 Ego

10 1742 122 1790 >risorem
133 1742 204 1803 talia,
225 1744 297 1806 quale
308 1744 371 1792 iliud
384 1752 421 1793 est
432 1744 514 1793 Valer.
528 1745 594 1794 Max.
608 1745 650 1804 IV,
664 1743 687 1805 6,
702 1745 725 1795 3.
751 1745 793 1795 ubi
803 1747 867 1795 idem
879 1753 904 1794 et
915 1750 1036 1797 unanimus
1111 1752 1114 1757 ’

10 1816 16 1856 t
28 1811 219 1860 honestissimus
231 1827 302 1861 amor
312 1817 359 1860 est.
384 1812 414 1860 H.

61 1873 111 1935 26,
125 1875 149 1931 1.
173 1881 211 1926 oir
222 1882 298 1928 animi
307 1882 385 1943 mapis
402 1883 493 1928 saevi
509 1895 597 1944 qaam
611 1883 723 1943 paterni.
748 1880 776 1929 B.

60 1940 105 2002 26,
119 1941 145 1999 3.
170 1945 208 1993 Iu
226 1953 342 2010 quantum
358 1948 427 1995 leuius
441 1949 540 2011 pieriae
554 1947 687 2012 famaeque
701 1951 821 2005 accessit,
840 1963 904 1996 nuno
921 1948 960 1995 uir
977 1951 987 1996 i
993 1951 1002 1996 t
1008 1951 1017 1996 l
1023 1962 1037 1996 e

10 2013 95 2066 minet,
110 2018 292 2072 praeterea
308 2018 378 2062 latet.
402 2013 435 2061 M.

59 2073 110 2134 27,
123 2075 148 2130 1.
172 2083 210 2127 vir
223 2084 276 2142 api
280 2083 290 2128 l
294 2082 304 2128 i
308 2096 321 2128 s
334 2080 438 2143 bellique
448 2080 602 2141 fortissimus
612 2074 760 2141 penitusque
772 2079 883 2127 Romana
896 2079 990 2127 nomini
1000 2082 1037 2128 in-

10 2146 148 2193 estissimus.
173 2144 205 2193 of.
219 2161 240 2193 a.
255 2144 312 2201 105,
327 2145 350 2192 1.
375 2161 473 2199 aarum,
487 2146 583 2204 apitem.
605 2143 633 2190 Β,

62 2230 65 2235 ·
104 2208 144 2258 ib.
169 2210 201 2258 de
217 2211 332 2258 kalendis
349 2209 413 2256 Nov.
430 2209 482 2256 vid.
500 2207 607 2265 Merkel,
631 2207 744 2271 prolegg.
764 2207 796 2256 nd
812 2208 884 2257 ovid.
902 2209 958 2257 fust.
978 2225 1035 2275 pag.

10 2277 119 2326 Xvsss
140 2312 146 2322 .

61 2293 157 2399 28,2.
181 2343 218 2389 uti
234 2347 361 2404 appareat
373 2345 492 2405 populum
509 2341 540 2390 R.
559 2357 628 2390 nasum
644 2343 777 2390 dictatoris
790 2347 848 2390 ante
861 2348 925 2390 metu
938 2343 1037 2392 deside-

10 2422 80 2464 asse,
99 2409 207 2456 timuisse
221 2414 284 2471 post
296 2415 456 2471 potestatem.
480 2409 513 2458 M.
526 2409 601 2456 Hertz
613 2409 639 2456 in
650 2409 716 2457 Mus.
729 2407 809 2457 Rhen.
823 2407 910 2472 philol.
924 2423 946 2456 a.
961 2408 1035 2459 1843.

10 2489 49 2537 ug.
63 2473 127 2531 477,
141 2473 216 2522 Tullii
228 2476 338 2523 consulis
350 2476 501 2523 mentionem
513 2482 541 2523 ut
553 2476 583 2522 ab
596 2474 678 2536 aliquo
690 2476 849 2538 grammatico
863 2475 984 2524 adiectam
996 2492 1034 2524 re-

10 2555 75 2589 rens
88 2541 121 2588 ad
133 2541 173 2590 Μ’.
187 2541 297 2589 Tullium
308 2542 424 2604 Longum
436 2556 504 2589 cons.
519 2554 541 2588 a.
555 2541 584 2590 U.
597 2541 655 2588 25³..
668 2566 701 2575 —
713 2548 772 2590 ante
788 2548 852 2590 meta
865 2544 1034 2597 desiderasse.
1118 2565 1121 2570 ·

10 2614 81 2656 ztuto
93 2623 154 2656 vera
166 2609 275 2657 timuisse
285 2613 445 2671 potestatem.
463 2607 492 2656 Η,
514 2613 573 2655 ante
585 2612 650 2655 metu
662 2608 835 2664 desiderasse,
848 2611 913 2657 illino
926 2611 1035 2658 timuisse

10 2680 151 2725 otestatem.
164 2675 197 2724 M.

57 2737 111 2799 28,
126 2738 152 2797 3.
177 2741 258 2790 Voces
277 2757 311 2791 ea
329 2741 385 2790 albo
401 2755 446 2804 pro
464 2743 565 2789 exoleto
584 2741 681 2788 restitui
695 2740 770 2788 iussit
781 2740 814 2788 M.
840 2753 1035 2790 commemorans

10 2822 92 2856 ersum
109 2809 134 2856 in
147 2821 218 2856 muro
230 2807 382 2874 Pompeiano
396 2809 528 2873 scriptum:
546 2821 596 2856 non
613 2813 652 2856 est
668 2822 704 2857 aa
721 2806 777 2856 albo
795 2808 875 2856 iudea
887 2812 966 2869 patre
984 2807 1036 2856 Ae-

10 2890 22 2935 r
42 2876 87 2924 tio.

20 2890 152 2998 p29,2.
176 2942 270 2990 sedem
281 2938 580 3006 dignitateaonstansti.
595 2940 792 2990 eberuhend
808 2939 868 2988 ani.
894 2939 926 2988 ei.
941 2954 962 2987 c.
978 2936 1034 2997 108,

10 3005 28 3069 .)
54 3014 87 3057 at
95 3022 152 3071 que
170 3009 195 3055 in
211 3010 278 3057 itiam
289 3010 438 3058 aonoeniens
449 3009 634 3072 amptitudinem
643 3009 786 3070 fortunae,
805 3022 869 3071 puae
887 3021 940 3054 eum
952 3031 993 3052 -.
1006 3005 1035 3054 Β.

10 3075 37 3123 ni
53 3089 90 3124 ea
107 3074 245 3137 dipnitate,·
261 3079 404 3125 constantia
419 3091 461 3135 ea,
483 3077 589 3140 quaein
606 3079 672 3123 ittam
689 3075 837 3124 conveniens
850 3072 1037 3133 amptitudinem

10 3145 119 3190 trtunom
131 3143 183 3190 eius
195 3144 231 3190 ad
241 3145 348 3191 ultimum
359 3145 477 3191 comitata
489 3148 528 3190 est
540 3142 612 3189 diem.
634 3140 670 3188 M.

103 3204 142 3256 iu.
162 3213 294 3270 potentiae
306 3224 370 3272 quae
383 3209 485 3256 honoris
497 3221 575 3256 eausa
592 3207 697 3254 adeum
714 3205 874 3265 deferretur,
892 3218 941 3253 non
957 3206 989 3253 oi
1005 3205 1036 3253 ab

10 3289 19 3325 t
32 3281 213 3338 occuparetur.
230 3274 263 3322 M.
289 3273 340 3321 vid.
353 3272 466 3321 Berichte
477 3273 494 3321 1.
509 3288 530 3319 a.
543 3287 568 3336 p.
584 3268 640 3319 156.
664 3271 708 3318 ubi
719 3269 794 3332 vulgo
806 3274 834 3317 ut
845 3283 890 3333 pro
902 3273 934 3318 oi.

57 3339 104 3400 31,
119 3337 145 3398 3.
169 3341 294 3389 interdum
309 3353 423 3402 persona
440 3341 470 3386 in
489 3340 604 3400 evemplo
622 3339 750 3386 nocituro
766 3338 884 3386 inuidiam
901 3342 976 3400 aupet
993 3342 1053 3385 aut·

10 3413 63 3458 nat.
90 3408 122 3456 ef.
137 3424 157 3456 o.
170 3408 211 3466 47,
225 3408 250 3455 4.
275 3408 391 3469 exemplo
401 3406 490 3453 inutili.
504 3419 525 3452 a.
540 3403 601 3462 114,
615 3403 639 3454 3.
658 3407 772 3468 exempto
785 3419 835 3452 nan
846 3403 993 3453 nocebatur.
1005 3401 1034 3451 B.

103 3473 143 3524 ib.
167 3475 379 3524 entraordinaria
395 3475 405 3520 i
409 3488 432 3520 m
437 3474 511 3535 peri
515 3487 532 3519 a
546 3472 727 3533 reformatam,
745 3479 773 3519 ut
792 3471 823 3518 sit
835 3477 860 3518 et
872 3469 940 3532 quod
951 3470 978 3518 in
990 3468 1034 3517 de·

10 3543 108 3592 oriendo
122 3556 151 3590 aa
162 3541 291 3590 retinendo
304 3539 462 3602 intellegatur
472 3546 498 3586 et
510 3539 578 3601 quod
590 3546 730 3603 opponatur
741 3537 887 3586 honoribus.
911 3536 945 3584 M.
