2348 4222
114 448 119 457 Ι
202 376 413 438 fflsTORlnE
432 378 624 437 Romanae
646 378 687 451 lt,
709 386 752 439 55.
764 386 809 440 56.
957 376 999 439 49

87 507 113 609 fi
134 529 247 605 quippe
270 530 524 590 cumvenientem
545 544 615 589 cum
635 536 805 588 tentassent
825 528 945 590 insidiis
962 545 999 590 ac

87 618 97 665 ἱ·
113 613 221 673 ebello
238 616 392 672 lacessere
408 613 569 685 auderent,
593 610 714 685 utrique
729 627 846 672 summo
869 614 998 687 impera-

129 697 213 756 alteri
228 698 365 773 [mortua
380 698 479 773 olum]
491 694 648 770 superstiti
656 696 778 753 meritas
792 710 907 768 poenas
915 697 999 756 luere

87 756 187 853 pliciis.
224 779 381 853 Nusquam
397 786 462 838 eret
472 778 637 853 Pompeius
653 792 801 853 corpore,
818 778 920 837 adhuc
934 780 1028 847 ubi-2

99 863 222 922 vivebat
242 861 380 923 nomine:
402 864 519 937 quippe
539 862 647 934 ingens
674 861 803 935 partium
825 860 892 920 eius
914 861 1001 922 lavor

86 961 129 1006 rm
155 947 344 1006 excitaverat
364 945 518 1017 Africum,
554 945 637 1018 quod
664 944 763 1003 ciebat
786 959 842 1002 rex
867 944 943 1004 lube
972 952 1001 1003 et

86 1028 137 1104 to,
155 1030 200 1088 vir
209 1029 395 1099 consularis,
413 1028 740 1102 antebienniumquam
757 1028 1001 1102 exstingueretur

86 1114 195 1186 peius,
219 1116 317 1173 lectus
333 1112 371 1171 ab
387 1127 423 1171 eo
440 1126 544 1183 socer,
567 1126 736 1185 eorumque
751 1111 857 1185 copias
874 1118 1000 1171 auxerat

86 1194 259 1269 aloingenti
268 1211 336 1254 cnm
351 1194 529 1255 difficultate
544 1194 1000 1269 itinerumrocorumqueinopia

86 1279 175 1338 luctis
191 1280 230 1338 ad
246 1294 301 1338 eos
316 1280 504 1352 legionibus3
528 1279 580 1351 qui
595 1280 656 1353 vir,
678 1294 748 1338 cum
767 1295 919 1338 summum
933 1279 961 1338 ei
982 1294 1000 1336 a

85 1363 161 1423 ibus
177 1363 345 1421 deferretur
359 1361 534 1437 imperium,
556 1361 745 1423 honoratiori
763 1376 871 1435 parere
885 1362 999 1421 maluit.

100 1447 166 1504 LV.
208 1447 362 1506 Admonet
386 1447 560 1520 promissae
585 1445 742 1504 brevitatis
767 1444 861 1517 tides,
887 1452 1027 1517 quantor

86 1531 120 1587 ia
135 1536 315 1588 transcursu
330 1529 461 1587 dicenda
482 1529 552 1586 sint·
583 1526 725 1601 Sequens
746 1527 899 1585 fortunam
915 1543 1013 1595 suam,

85 1628 135 1671 sar
152 1606 368 1682 pervectus'in
384 1611 597 1680 dulcamen,
620 1625 713 1682 quam
736 1608 840 1668 occiso
863 1609 1000 1685 Curione,

85 1709 204 1752 inarum
213 1693 291 1751 duce
302 1692 441 1768 partium,
454 1690 632 1766 Pompeiani
645 1691 821 1752 obtinebant
832 1695 1000 1753 exercitus:

85 1778 174 1835 »rimo
192 1776 276 1843 varia
291 1778 424 1859 fortuna,
442 1792 513 1835 mox
529 1776 675 1849 pugnavit
689 1792 760 1846 sua,
777 1774 1001 1852 inclinatacque

87 1863 151 1918 ium
168 1857 291 1933 copiae3
314 1875 371 1918 nec
387 1859 544 1918 dissimilis
566 1859 607 1918 ibi
622 1860 772 1919 adversus
793 1858 892 1921 victos
909 1876 999 1935 quarn

84 1945 185 2002 riores
201 1943 361 2003 clementia
373 1942 514 2003 Caesaris
532 1943 595 2001 luit.
618 1944 773 2002 Victorem
781 1942 917 2001 Africani
928 1943 1029 2005 bellix

84 2029 247 2089 Caesarem
259 2027 384 2102 gravius
397 2023 832 2101 excepitHispaniense,(nam
847 2025 946 2084 victus
962 2025 1000 2082 ab

84 2111 245 2169 *lrarnaces
264 2111 318 2168 vix
334 2109 498 2183 quicquam
519 2108 635 2180 gloriae
650 2108 716 2165 eius
732 2106 896 2175 adstruxit)
918 2107 1002 2178 quod

84 2192 267 2266 Pompeius,
282 2191 386 2264 Magni
400 2190 498 2262 tilius,
520 2188 704 2247 adulescens
719 2188 851 2262 impetus
866 2187 906 2246 ad
923 2188 1003 2246 bella

88 2276 158 2345 imi,
181 2275 290 2348 ingens
309 2288 346 2332 ac
360 2270 494 2332 terribile
514 2269 702 2332 conflaverat
720 2272 858 2345 undique
879 2272 1002 2330 adeum

83 2375 121 2419 -rc
137 2357 256 2432 paterni
270 2357 402 2416 nominis
416 2353 654 2429 magnitudinem
671 2354 863 2430 sequentium
884 2369 922 2413 ex
937 2362 1001 2414 toto

83 2459 93 2499 e
122 2449 271 2499 terrarum
296 2439 416 2499 auxiliis
442 2437 677 2498 confluentibus.
710 2439 773 2498 Sua
788 2439 950 2498 Caesarem
972 2438 1030 2499 in3

83 2523 202 2595 >aniam
216 2523 355 2580 comitata
370 2522 491 2579 fortuna
502 2528 564 2592 est,
580 2521 636 2579 sed
651 2521 765 2580 nullum
775 2536 908 2595 unquam
922 2528 1000 2581 atro·

83 2646 84 2655 i
106 2605 374 2680 periculosiusque
389 2603 426 2662 ab
439 2619 476 2662 eo
492 2603 595 2662 initum
611 2603 775 2676 proelium,
791 2603 870 2661 adeo
885 2604 1001 2677 utplus

83 2707 113 2746 m
132 2687 225 2747 dubio
243 2688 339 2747 Marte
355 2686 557 2747 descenderet
577 2702 658 2761 equo
681 2686 917 2758 consistensque
933 2691 1003 2743 ante

82 2773 216 2831 edentem
238 2788 363 2831 suorum
383 2769 480 2831 aciem
495 2768 643 2844 increpita
658 2770 743 2844 prius
759 2770 894 2841 fortuna,
918 2768 1001 2842 quod

82 2874 98 2914 n
118 2871 188 2913 eum
203 2862 360 2914 servasset
371 2856 500 2927 exitum,
516 2853 707 2913 denuntiaret
717 2851 860 2912 militibus
871 2853 1001 2926 vestigio

82 2957 132 3001 von
148 2950 360 3006 recessurum;
375 2938 505 3012 proinde
520 2936 672 3008 viderent,
697 2953 787 3011 quem
803 2943 833 2995 et
854 2951 915 3011 quo
931 2937 1000 2995 loco

82 3029 236 3081 oratorem
258 3022 408 3082 deserturi
429 3022 537 3080 forent.
565 3021 760 3080 Verecundia
787 3020 884 3091 magis
911 3034 1031 3090 quamq

82 3111 131 3163 ute
146 3107 231 3171 acies
246 3107 384 3165 restituta
398 3112 429 3163 et
443 3120 460 3162 a
475 3105 554 3164 duce
570 3120 662 3176 quam
677 3101 799 3162 amilite
814 3100 933 3159 lortius.
950 3099 1002 3156 Cn.

82 3186 201 3277 meinis,
218 3189 320 3261 gravis
335 3187 462 3246 vnlnere
473 3187 614 3244 inventus
630 3187 708 3243 inter
720 3179 901 3242 solitudines
915 3181 1001 3240 avias
1049 3180 1054 3188 '

81 3280 221 3347 remptus
238 3278 301 3339 cst;
315 3269 481 3329 Labienum
495 3269 674 3340 Verumque
688 3267 771 3325 acies
787 3263 919 3324 abstulit.

99 3346 188 3433 Lvli
206 3355 318 3413 Caesar
329 3352 463 3413 omnium
469 3350 567 3409 victor
575 3365 736 3423 regressus
749 3349 778 3408 in
791 3347 905 3423 urbem
919 3351 1029 3425 quodl

81 3440 190 3515 tonanti
203 3438 334 3497 excedat
349 3436 455 3506 fidem,
483 3434 622 3494 omnibus
649 3435 701 3508 qui
728 3441 832 3494 contra
856 3448 892 3492 se
917 3449 1000 3491 arma

81 3530 157 3595 rant,
172 3520 301 3595 agnovit
313 3526 343 3579 et
354 3515 662 3593 magnificentissimis
673 3514 846 3592 gladiatorii
857 3515 1001 3587 muneris,

81 3598 222 3683 maelii-'ae
237 3613 267 3664 et
281 3605 416 3680 equitum
431 3601 645 3676 peditumque,
666 3603 754 3662 simul
769 3599 1003 3675 elephantorum

81 3689 171 3751 'marn
195 3686 335 3747 'Pareae
819 3690 836 3742 4
