2348 4222
244 397 455 459 HISTORIAE
469 394 662 455 ROMANAE
677 396 699 468 1,
718 402 759 455 15.
961 391 1000 456 ll

16 553 83 613 sine
99 548 248 623 suffragio
265 549 335 607 data
350 545 472 617 eivitas;
490 547 522 604 id
536 553 636 605 actum
652 553 722 606 ante
737 562 835 607 annos
848 552 1002 608 treecntos

14 635 133 713 viginti.
163 636 204 693 At
218 633 328 693 Cosam
342 639 372 690 et
385 632 528 691 Paestum
543 629 653 689 abhinc
665 646 763 690 annos
779 632 873 690 lerme
884 639 1001 693 trecen·
1016 639 1034 695 6

13 726 63 781 tos
70 716 168 779 Fabio
183 717 324 777 Dorsone
338 714 500 775 etClaudio
518 713 632 774 Canina
644 713 833 788 oonsulibus,
845 715 1002 777 interiecto

12 801 230 881 quinquennio
247 800 429 873 Sempronio
445 798 551 874 Sopho
567 805 597 859 et
610 799 724 873 Appio,
741 798 829 857 Caeci
844 799 915 873 filio,
929 815 1001 859 con-

10 886 136 949 sulibus
152 885 321 944 Ariminum
340 891 370 943 et
388 883 596 943 Beneventum
613 883 715 942 coloni
729 881 816 941 missi
831 889 861 941 et
876 880 1002 957 suffragi

10 969 136 1031 icrcndi
156 969 204 1028 ius
220 967 343 1028 Sabinis
367 967 478 1025 datum.
519 968 560 1026 At
584 967 668 1027 initio
692 967 781 1041 primi
806 964 877 1025 belii
899 965 1034 1031 Punicit

10 1055 150 1115 Firmum
173 1058 203 1112 et
217 1052 355 1111 Castrum
371 1051 489 1110 colonis
505 1059 655 1126 occupata
672 1059 702 1111 et
725 1057 797 1125 post
814 1065 927 1110 annum
941 1051 1002 1109 Ac-

10 1138 121 1209 sern'ia
132 1142 264 1212 postque
277 1138 384 1195 decem
396 1140 426 1193 et
436 1143 554 1211 septem
566 1137 822 1196 annosAesulurn
838 1133 1001 1209 ethlsium,

10 1221 236 1296 Fregenaeque
251 1226 324 1294 post
338 1219 508 1293 biennium,
531 1220 735 1295 proximoque
751 1236 830 1279 anno
846 1219 1001 1294 Torquato

10 1303 266 1380 sempronioque
282 1302 460 1364 consulibus
475 1302 688 1378 Brundisium,
709 1311 738 1362 ct
754 1311 826 1378 post
840 1303 1002 1362 triennium

10 1387 202 1465 Spoletium,
230 1403 292 1463 qno
315 1404 396 1446 anno
410 1388 574 1448 Floralium
595 1389 737 1448 ludorum
757 1388 869 1448 lactum
883 1394 931 1447 est
945 1386 1001 1444 ini-

9 1473 106 1542 .ium;
120 1479 253 1548 postque
264 1472 420 1532 biennium
432 1473 712 1532 deductaValentia
723 1478 753 1530 et
768 1472 825 1530 sub
838 1471 1002 1529 adventum

13 1573 43 1615 n
60 1557 177 1617 Italiam
193 1555 374 1616 Hannibalis
391 1556 539 1615 Cremona
553 1563 646 1631 atque
660 1554 823 1613 Placentia

100 1640 167 1698 XV.
208 1637 328 1698 Deinde
343 1653 445 1712 neque
460 1640 533 1698 dum
546 1637 697 1697 Hannibal
712 1636 742 1696 in
757 1636 843 1697 ltalia
856 1643 999 1709 moratur,
1017 1643 1032 1694 l

10 1737 121 1798 reque
138 1722 286 1797 proximis
302 1728 375 1797 post
390 1736 552 1782 excessum
568 1722 633 1782 eius
649 1722 736 1781 annis
754 1718 876 1780 vaeavit
889 1722 1000 1781 Roma·
1099 1740 1102 1745 ·

10 1807 64 1866 ris
91 1805 229 1866 colonias
255 1806 405 1877 condere,
431 1822 500 1866 oum
521 1814 605 1867 esset
627 1805 656 1865 in
673 1806 752 1866 bello
770 1806 1000 1881 conquirendas

10 1891 120 1961 ¹>otius
135 1889 223 1950 miles
237 1907 328 1964 quam
343 1890 549 1964 dimittendus,
565 1898 595 1950 et
608 1896 681 1965 post
694 1890 808 1951 bellum
822 1891 904 1949 vires
919 1888 1000 1948 relo-

10 1974 137 2034 rendae
151 1976 249 2048 magis
267 1990 358 2048 quam
374 1976 578 2049 spargendae.
604 1974 656 2033 Cn.
680 1982 779 2034 autem
794 1974 908 2042 Manlio
926 1974 1033 2033 Vol-2

10 2071 94 2116 rone
110 2064 139 2117 et
152 2056 260 2118 Fulvio
276 2058 431 2117 Nobiliore
446 2058 625 2117 consulibus
640 2059 781 2116 Bononia
803 2057 935 2115 deducta
950 2070 1001 2113 co-

14 2143 100 2200 onia
114 2142 224 2201 abhinc
240 2156 338 2200 annos
358 2141 452 2198 terme
467 2141 618 2198 ducentos
644 2139 855 2212 septendecim
875 2145 907 2197 ct
930 2142 1003 2211 post

10 2222 255 2295 quadriennium
268 2221 427 2280 Pisaurum
438 2237 475 2280 ao
488 2219 626 2281 Potentia
640 2220 859 2296 interiectaque
873 2219 1002 2280 triennio

10 2305 162 2378 Aquileia
176 2311 205 2362 et
220 2303 367 2364 Grauisca
382 2312 497 2380 etpost
511 2305 743 2380 quadriennium
758 2305 850 2366 Luca.
885 2304 1002 2365 Eodem
1016 2301 1034 2356 3

10 2388 191 2461 temporum
206 2394 318 2462 tractu,
345 2406 530 2464 quamquam
555 2389 638 2464 apud
657 2391 809 2466 quosdam
831 2389 1002 2464 ambigitur,

10 2463 164 2530 Puteolos
182 2471 403 2546 Salernumque
429 2481 458 2533 ct
471 2474 643 2533 Buxentum
658 2472 745 2534 missi
770 2474 880 2549 coloni,
904 2472 1001 2532 Auxi-

10 2566 100 2613 mum
117 2560 217 2614 autem
231 2556 261 2614 in
273 2554 415 2614 Picenum
431 2556 542 2616 abhinc
558 2572 655 2617 annos
673 2557 767 2616 terme
782 2564 902 2617 centum
917 2563 1001 2616 octo-

10 2635 102 2709 ginta
117 2640 262 2714 quinque,
278 2646 347 2698 ante
362 2639 523 2700 triennium
539 2655 630 2714 quom
646 2640 772 2700 Cassius
788 2655 899 2699 censor
915 2640 1002 2699 abu·

10 2723 132 2801 perculi
148 2720 179 2780 in
190 2723 334 2783 Palatium
350 2737 460 2783 versus
476 2723 625 2783 theatrum
640 2724 743 2783 lacere
756 2722 892 2796 instituit,
910 2721 960 2782 oui
971 2722 1002 2781 in

10 2820 55 2865 co
81 2805 235 2866 moliendo
259 2807 370 2867 eximia
396 2807 526 2868 civitatis
551 2807 700 2867 severitas
722 2815 751 2868 et
772 2808 882 2868 consul
897 2804 1000 2881 Scipio

16 2890 172 2963 restitere,
197 2892 283 2966 quod
306 2906 365 2966 ego
387 2889 465 2951 inter
487 2892 656 2951 clarissima
679 2892 820 2967 publicae
835 2891 1001 2953 voluntatis

21 2979 195 3048 argumenta
209 2976 442 3035 numeraverim.
469 2974 576 3035 Cassio
593 2984 693 3036 autem
704 2974 843 3051 Longino
860 2974 1035 3036 ctScxtioi

21 3057 152 3131 Calvino,
170 3060 221 3133 qui
237 3057 357 3118 Sallues
370 3059 452 3134 apud
468 3076 581 3135 aquaS,
604 3076 684 3135 quae
702 3060 739 3118 ab
755 3076 792 3120 eo
809 3059 932 3118 Sextiae
948 3071 1002 3129 ap-

21 3141 186 3216 pellantur,
203 3142 329 3216 dcvicit,
351 3142 530 3201 oonsulibus
551 3142 727 3201 Fabrateria
741 3142 874 3200 deducta
890 3146 937 3198 est
948 3139 1000 3198 ab·

18 3225 87 3282 hinc
99 3240 198 3283 annos
211 3225 305 3283 terme
317 3231 437 3284 centum
450 3225 671 3299 quinquaginta
682 3224 745 3296 tris,
766 3230 796 3282 et
808 3231 878 3298 post
890 3239 1002 3283 annum

18 3306 194 3367 Scolacium
218 3306 408 3380 Minervium,
423 3308 585 3367 Tarentum
605 3307 772 3390 Neptunim
790 3307 1002 3383 Carthagoque

16 3391 45 3450 in
59 3391 166 3449 Airica
177 3391 284 3465 prima,
301 3397 333 3449 nt
345 3391 562 3465 praediximus
576 3391 785 3452 extraltaliam
797 3393 918 3454 colonia
929 3408 1000 3452 oon-

16 3476 79 3535 dita
94 3481 150 3533 est.
180 3475 225 3533 De
240 3475 375 3534 Dertona
391 3476 568 3549 ambigitur3
596 3476 698 3534 Narbo
714 3483 814 3536 autem
829 3477 955 3536 Martius
972 3477 1032 3532 ina

15 3558 114 3616 Gallia
134 3557 243 3618 Porcio
257 3558 436 3632 Marcioque
452 3559 631 3620 consulibus
646 3560 757 3619 abhinc
769 3576 867 3621 annos
883 3560 1001 3619 circiter

15 3646 140 3701 centurn
155 3642 356 3716 quadraginta
371 3657 427 3702 sex
440 3643 572 3703 deducta
583 3644 704 3704 colonia
719 3650 780 3714 cst3
799 3651 869 3719 post
884 3641 1001 3700 duode-
