2348 4222
186 293 229 356 66
456 288 497 349 Μ.
517 288 659 348 VELLEI
680 287 896 349 PATERCULI

188 443 366 506 marcebant
380 441 497 511 omnia;
523 439 595 500 hinc
609 443 742 515 remiges
763 440 943 515 firmissimi,
965 443 1050 503 illinc
1068 443 1091 503 in

189 526 405 595 adlectissimi;
417 526 543 593 ,navium
558 525 615 584 hac
630 525 807 598 magnitudo
824 528 945 585 modica
957 542 1015 586 nec
1028 529 1091 587 cele

189 613 334 683 adversa,
357 610 408 669 illa
423 610 528 683 specie
551 609 727 679 terribili0r;
749 609 819 669 hinc
835 610 874 669 ad
889 611 1056 671 Antonium
1070 628 1091 671 n

188 695 316 755 illincad
325 693 487 753 Caesarem
495 693 607 752 cotidie
618 693 974 767 aliquisnanslugiebat=
989 695 1091 755 rexAu

188 787 235 838 las
256 777 382 837 meliora
403 785 433 836 el
447 778 568 837 utiliora
583 783 724 846 secutus;
741 793 811 836 narn
826 777 953 837 Deillius
969 778 1091 852 exempli

188 870 280 922 tenax
301 869 334 921 ut
348 877 367 919 a
380 862 539 921 Dolabella
560 862 615 933 [ud
628 861 775 933 Cassium,
798 878 818 920 a
834 862 933 921 Cassio
947 864 992 922 cd
1004 863 1091 924 Anien

187 949 229 1007 ita
249 947 287 1005 ab
301 945 426 1005 Antonio
446 947 574 1016 bansiit]
597 945 637 1003 ad
653 945 831 1013 Caesarem;
852 946 959 1019 virque
981 946 1091 1005 alerissi

191 1030 243 1089 Cn.
260 1028 426 1102 Domitius,
444 1029 495 1102 qui
511 1029 596 1088 solus
610 1029 851 1088 Antonianarum
868 1030 999 1102 partium
1014 1047 1090 1104 nunq

187 1112 325 1186 reginam
341 1111 401 1172 nisi
415 1113 537 1172 nomine
552 1112 708 1184 salutavit,
724 1114 856 1173 maximo
873 1114 1091 1189 etpraecipiti1

154 1204 173 1256 3
188 1198 257 1256 culo
271 1196 437 1256 transmisit
451 1197 490 1255 ad
503 1197 674 1255 Caesarem,
697 1196 837 1271 Denique
851 1198 881 1255 in
897 1213 951 1256 ore
966 1204 1057 1272 atque
1069 1212 1091 1256 ot

188 1281 381 1340 Antonianae
402 1281 512 1340 classis
534 1296 591 1354 per
604 1279 644 1338 M.
660 1281 828 1354 Agrippam
844 1282 963 1340 Leucas
985 1296 1091 1357 expugl

187 1364 296 1424 Patrae
321 1371 445 1439 captae,
476 1363 637 1423 Corinthus
666 1371 829 1438 occupata,
857 1365 906 1424 bis
937 1371 1008 1423 ante
1035 1364 1091 1425 ullin

189 1448 351 1508 discrimen
369 1448 480 1508 classis
495 1447 628 1508 hostium
644 1456 797 1522 superata.

125 1606 129 1613 ,
156 1542 172 1593 1
270 1533 415 1592 LXXXV.
449 1531 582 1591 Advenit
607 1531 718 1590 deinde
742 1533 866 1591 maximi
889 1533 1091 1592 discriminisi

189 1633 250 1690 quo
267 1616 381 1674 Caesar
400 1617 615 1689 Antoniusque
637 1616 795 1689 productis
818 1617 970 1676 classibus
993 1633 1050 1691 pro
1070 1630 1091 1676 st

155 1707 172 1758 2
187 1701 270 1767 aller,
289 1699 320 1755 in
331 1698 450 1756 ruinam
463 1700 537 1755 alter
549 1706 696 1757 terrarum
709 1700 792 1759 orbis
805 1700 1001 1759 dimicavere.
1025 1702 1091 1761 Dent

188 1781 309 1840 navium
324 1780 509 1840 Iulianarum
530 1794 628 1840 cornu
642 1781 683 1840 M.
697 1782 788 1842 Lurio
812 1784 1028 1859 commissum,
1052 1786 1091 1843 lae

188 1863 348 1936 Arruntio,
371 1863 529 1938 Agrippae
550 1880 640 1924 omne
662 1866 783 1925 classici
804 1868 977 1927 certaminis
1000 1869 1090 1928 arbitr

190 1950 342 2008 Caesarei
363 1949 440 2023 parti
461 1949 645 2022 destinatus,
668 1949 697 2008 in
714 1966 840 2024 querna
860 1952 985 2011 fortuna
1000 1968 1091 2013 vocar

189 2032 303 2107 ubique
319 2034 433 2092 aderat.
464 2032 579 2092 Classis
593 2034 707 2092 Antoni
720 2034 855 2108 regimen
871 2035 1053 2096 Publicolae
1067 2036 1091 2096 S«

188 2133 248 2192 que
265 2118 470 2176 commissum.
506 2119 547 2175 Al
565 2116 596 2175 in
617 2123 698 2176 terra
719 2119 849 2177 locatum
872 2120 1046 2180 exercitum
1059 2121 1091 2180 Ta

155 2203 173 2255 3
188 2200 345 2272 Caesaris,
366 2200 480 2258 Antoni
495 2201 621 2273 regebat
636 2201 789 2260 Canidius.
821 2202 879 2262 Ubi
894 2201 1005 2263 initum
1022 2213 1091 2265 cert

187 2290 249 2353 est,
272 2283 373 2341 omnia
387 2282 417 2339 in
433 2282 527 2341 altera
549 2290 634 2356 parte
655 2285 755 2357 luere,
778 2285 855 2359 dux,
877 2286 1032 2364 remiges,
1056 2290 1091 2349 mi

95 2397 102 2405 ·
187 2367 217 2424 in
233 2366 327 2424 altera
342 2365 414 2423 nihil
428 2372 548 2439 praeter
561 2364 682 2426 milites.
711 2367 810 2427 Prima
822 2377 953 2444 occupat
969 2373 1079 2447 fugam

187 2454 290 2524 patra;
312 2447 464 2509 Antonius
480 2450 623 2524 fugientis
638 2451 763 2526 reginae
778 2468 870 2526 quarn
885 2458 1059 2527 pugnantis
1074 2475 1091 2516 n

187 2534 235 2593 sui
247 2548 351 2593 comes
368 2549 438 2594 esse
452 2536 558 2594 maluit
572 2540 601 2593 et
615 2534 781 2609 imperator
797 2537 849 2611 qui
865 2538 894 2595 in
907 2537 1091 2603 desertores

187 2619 251 2676 vire
276 2618 437 2688 debuerat,
469 2618 609 2677 desertor
634 2620 787 2679 exercitus
813 2622 862 2680 sui
887 2623 988 2682 sactus
1017 2635 1075 2687 est

186 2702 275 2760 etiarn
291 2702 427 2760 detracto
446 2701 546 2774 capite
565 2700 594 2759 in
617 2702 739 2776 longum
756 2703 923 2764 fortissima
937 2709 1091 2782 pugnand

185 2783 264 2842 ravit
276 2785 447 2843 constantia
458 2791 488 2843 et
500 2786 663 2858 desperata
676 2787 803 2847 victoria
819 2790 847 2847 in
864 2798 994 2850 mortem
1008 2794 1091 2857 dimit

154 2879 171 2931 4
185 2872 242 2926 tur.
267 2867 380 2926 Caesar
396 2885 475 2942 quos
488 2870 568 2928 lerro
584 2876 703 2943 poterat
717 2871 898 2947 interimere,
914 2875 1023 2935 verbis
1040 2895 1091 2936 mu

186 2952 315 3026 cupiens
345 2951 565 3026 clamitansque
594 2961 624 3011 et
652 2957 819 3016 ostendens
849 2958 967 3032 fugisse
994 2964 1091 3021 Antei

186 3037 368 3111 quaerebat,
390 3054 446 3112 pro
470 3054 531 3112 quo
553 3043 672 3097 etcum
694 3057 754 3112 quo
776 3049 962 3114 pugnarent;
994 3047 1091 3104 atilli

186 3120 237 3178 diu
251 3138 305 3194 pro
321 3122 448 3181 absente
464 3123 663 3183 dimicassent
674 3123 762 3196 duce,
779 3140 870 3198 aegre
885 3127 1066 3188 summissis
1082 3147 1091 3188 a

186 3218 309 3262 cessere
321 3206 486 3278 victoriam,
503 3207 654 3280 citiusque
667 3208 757 3267 vitam
772 3209 957 3284 veniamque
966 3210 1090 3272 Caesar

184 3287 279 3356 misit,
300 3304 390 3359 quarn
406 3289 464 3346 illis
478 3298 511 3348 ul
527 3305 563 3347 ea
578 3299 789 3364 precarentur,
813 3309 996 3366 persuasum
1014 3303 1081 3366 est3

187 3385 246 3442 que
262 3368 290 3427 in
307 3372 452 3430 confesso
469 3372 579 3431 milites
594 3375 697 3448 optimi
720 3377 927 3448 imperatoris
947 3378 1091 3452 imperati

185 3452 373 3526 fugacissimi
399 3455 500 3514 militis
526 3457 660 3517 iunctum
683 3459 802 3531 officio,
827 3468 861 3519 ut
882 3462 1022 3533 dubileS‚
1052 3481 1090 3523 su

185 3536 365 3612 Cleopatrae
380 3539 504 3598 arbitrio
519 3540 676 3601 victoriani
690 3550 914 3617 temperaturus
930 3547 1039 3620 inerit,
1062 3565 1091 3622 qr
