<?xml version="1.0" encoding="UTF-8"?>
<!DOCTYPE html PUBLIC "-//W3C//DTD XHTML 1.0 Transitional//EN"
    "http://www.w3.org/TR/xhtml1/DTD/xhtml1-transitional.dtd">
<html xmlns="http://www.w3.org/1999/xhtml" xml:lang="en" lang="en">
 <head>
  <title>
</title>
<meta http-equiv="Content-Type" content="text/html;charset=utf-8" />
  <meta name='ocr-system' content='tesseract 3.04.00' />
  <meta name='ocr-capabilities' content='ocr_page ocr_carea ocr_par ocr_line ocrx_word'/>
</head>
<body>
  <div class='ocr_page' id='page_1' title='image "./mvelleipatercul00haasgoog/mvelleipatercul00haasgoog_0107.png"; bbox 0 0 2348 4222; ppageno 0'>
   <div class='ocr_carea' id='block_1_1' title="bbox 153 307 862 375">
    <p class='ocr_par' dir='ltr' id='par_1_1' title="bbox 153 307 862 375">
     <span class='ocr_line' id='line_1_1' title="bbox 153 307 862 375; baseline -0.016 0"><span class='ocrx_word' id='word_1_1' title='bbox 153 308 195 375; x_wconf 82' lang='grc'>88</span> <span class='ocrx_word' id='word_1_2' title='bbox 426 308 467 367; x_wconf 86' lang='grc' dir='ltr'>Μ.</span> <span class='ocrx_word' id='word_1_3' title='bbox 489 308 629 368; x_wconf 84' lang='lat' dir='ltr'>VELLEI</span> <span class='ocrx_word' id='word_1_4' title='bbox 649 307 862 369; x_wconf 80' lang='lat' dir='ltr'>PATERCULl</span> 
     </span>
    </p>
   </div>
   <div class='ocr_carea' id='block_1_2' title="bbox 123 457 1050 3611">
    <p class='ocr_par' dir='ltr' id='par_1_2' title="bbox 152 457 1050 703">
     <span class='ocr_line' id='line_1_2' title="bbox 152 457 1050 536; baseline -0.001 -15"><span class='ocrx_word' id='word_1_5' title='bbox 152 461 257 536; x_wconf 90' lang='lat' dir='ltr'>inopia</span> <span class='ocrx_word' id='word_1_6' title='bbox 272 474 372 520; x_wconf 91' lang='lat' dir='ltr'>rerum</span> <span class='ocrx_word' id='word_1_7' title='bbox 387 458 600 530; x_wconf 88' lang='lat' dir='ltr'>intolerabilis,</span> <span class='ocrx_word' id='word_1_8' title='bbox 617 457 664 517; x_wconf 93' lang='lat' dir='ltr'>vis</span> <span class='ocrx_word' id='word_1_9' title='bbox 679 457 812 518; x_wconf 91' lang='lat' dir='ltr'>hostium</span> <span class='ocrx_word' id='word_1_10' title='bbox 825 459 958 519; x_wconf 78' lang='lat' dir='ltr'>faciebat</span> <span class='ocrx_word' id='word_1_11' title='bbox 973 460 1050 521; x_wconf 78' lang='lat' dir='ltr'>inem</span> 
     </span>
     <span class='ocr_line' id='line_1_3' title="bbox 152 542 1050 618; baseline 0 -14"><span class='ocrx_word' id='word_1_12' title='bbox 152 545 273 618; x_wconf 90' lang='lat' dir='ltr'>rabilis,</span> <span class='ocrx_word' id='word_1_13' title='bbox 295 559 352 602; x_wconf 88' lang='lat' dir='ltr'>nee</span> <span class='ocrx_word' id='word_1_14' title='bbox 373 543 533 603; x_wconf 90' lang='lat' dir='ltr'>temerario</span> <span class='ocrx_word' id='word_1_15' title='bbox 550 542 676 602; x_wconf 92' lang='lat' dir='ltr'>consilio</span> <span class='ocrx_word' id='word_1_16' title='bbox 698 557 755 600; x_wconf 90' lang='lat' dir='ltr'>nec</span> <span class='ocrx_word' id='word_1_17' title='bbox 776 544 862 615; x_wconf 83' lang='lat' dir='ltr'>segni</span> <span class='ocrx_word' id='word_1_18' title='bbox 879 543 1050 617; x_wconf 68' lang='lat' dir='ltr'>providenti</span> 
     </span>
     <span class='ocr_line' id='line_1_4' title="bbox 154 625 1050 703; baseline -0.003 -15"><span class='ocrx_word' id='word_1_19' title='bbox 154 627 367 703; x_wconf 90' lang='lat' dir='ltr'>speculatique</span> <span class='ocrx_word' id='word_1_20' title='bbox 387 626 644 702; x_wconf 75' lang='lat' dir='ltr'>opportunitatem</span> <span class='ocrx_word' id='word_1_21' title='bbox 668 625 747 685; x_wconf 93' lang='lat' dir='ltr'>ferro</span> <span class='ocrx_word' id='word_1_22' title='bbox 764 626 821 685; x_wconf 93' lang='lat' dir='ltr'>sibi</span> <span class='ocrx_word' id='word_1_23' title='bbox 837 627 876 685; x_wconf 94' lang='lat' dir='ltr'>ad</span> <span class='ocrx_word' id='word_1_24' title='bbox 892 642 970 687; x_wconf 90' lang='lat' dir='ltr'>suos</span> <span class='ocrx_word' id='word_1_25' title='bbox 986 643 1050 703; x_wconf 83' lang='lat' dir='ltr'>pepl</span> 
     </span>
    </p>

    <p class='ocr_par' dir='ltr' id='par_1_3' title="bbox 124 710 1050 958">
     <span class='ocr_line' id='line_1_5' title="bbox 124 710 1050 785; baseline -0.002 -14"><span class='ocrx_word' id='word_1_26' title='bbox 124 711 290 772; x_wconf 72' lang='lat' dir='ltr'>tredilum.</span> <span class='ocrx_word' id='word_1_27' title='bbox 325 711 371 769; x_wconf 86' lang='lat' dir='ltr'>Ex</span> <span class='ocrx_word' id='word_1_28' title='bbox 389 727 450 784; x_wconf 91' lang='lat' dir='ltr'>quo</span> <span class='ocrx_word' id='word_1_29' title='bbox 466 715 595 785; x_wconf 90' lang='lat' dir='ltr'>apparet</span> <span class='ocrx_word' id='word_1_30' title='bbox 608 710 738 782; x_wconf 88' lang='lat' dir='ltr'>Varum,</span> <span class='ocrx_word' id='word_1_31' title='bbox 760 724 835 768; x_wconf 89' lang='lat' dir='ltr'>saue</span> <span class='ocrx_word' id='word_1_32' title='bbox 850 725 976 783; x_wconf 85' lang='lat' dir='ltr'>gravem</span> <span class='ocrx_word' id='word_1_33' title='bbox 994 710 1050 769; x_wconf 89' lang='lat' dir='ltr'>elb</span> 
     </span>
     <span class='ocr_line' id='line_1_6' title="bbox 153 792 1050 866; baseline 0.002 -14"><span class='ocrx_word' id='word_1_34' title='bbox 153 792 319 855; x_wconf 89' lang='lat' dir='ltr'>voluntatis</span> <span class='ocrx_word' id='word_1_35' title='bbox 346 795 458 866; x_wconf 87' lang='lat' dir='ltr'>virum,</span> <span class='ocrx_word' id='word_1_36' title='bbox 484 794 581 866; x_wconf 81' lang='lat' dir='ltr'>magis</span> <span class='ocrx_word' id='word_1_37' title='bbox 606 792 797 866; x_wconf 88' lang='lat' dir='ltr'>imperatoris</span> <span class='ocrx_word' id='word_1_38' title='bbox 824 792 980 853; x_wconf 86' lang='lat' dir='ltr'>delectum</span> <span class='ocrx_word' id='word_1_39' title='bbox 1006 810 1050 855; x_wconf 85' lang='lat' dir='ltr'>cor</span> 
     </span>
     <span class='ocr_line' id='line_1_7' title="bbox 154 875 1050 958; baseline -0.001 -20"><span class='ocrx_word' id='word_1_40' title='bbox 154 895 244 953; x_wconf 92' lang='lat' dir='ltr'>quam</span> <span class='ocrx_word' id='word_1_41' title='bbox 253 878 361 937; x_wconf 93' lang='lat' dir='ltr'>virtute</span> <span class='ocrx_word' id='word_1_42' title='bbox 369 875 544 937; x_wconf 89' lang='lat' dir='ltr'>destitutum</span> <span class='ocrx_word' id='word_1_43' title='bbox 556 876 679 935; x_wconf 87' lang='lat' dir='ltr'>militum</span> <span class='ocrx_word' id='word_1_44' title='bbox 690 892 723 936; x_wconf 92' lang='lat' dir='ltr'>se</span> <span class='ocrx_word' id='word_1_45' title='bbox 737 876 1050 958; x_wconf 83' lang='lat' dir='ltr'>magnificentissimun</span> 
     </span>
    </p>

    <p class='ocr_par' dir='ltr' id='par_1_4' title="bbox 124 959 1050 1452">
     <span class='ocr_line' id='line_1_8' title="bbox 124 959 1041 1037; baseline 0.002 -19"><span class='ocrx_word' id='word_1_46' title='bbox 124 962 327 1037; x_wconf 74' lang='lat' dir='ltr'>eperdidisse</span> <span class='ocrx_word' id='word_1_47' title='bbox 343 959 519 1019; x_wconf 87' lang='lat' dir='ltr'>exercitum.</span> <span class='ocrx_word' id='word_1_48' title='bbox 553 960 627 1019; x_wconf 80' lang='lat' dir='ltr'>Cum</span> <span class='ocrx_word' id='word_1_49' title='bbox 638 959 667 1017; x_wconf 93' lang='lat' dir='ltr'>in</span> <span class='ocrx_word' id='word_1_50' title='bbox 684 959 823 1033; x_wconf 90' lang='lat' dir='ltr'>captivos</span> <span class='ocrx_word' id='word_1_51' title='bbox 840 961 1041 1022; x_wconf 88' lang='lat' dir='ltr'>saeviretura</span> 
     </span>
     <span class='ocr_line' id='line_1_9' title="bbox 153 1043 1050 1118; baseline 0.001 -16"><span class='ocrx_word' id='word_1_52' title='bbox 153 1046 267 1118; x_wconf 75' lang='lat' dir='ltr'>mania,</span> <span class='ocrx_word' id='word_1_53' title='bbox 295 1043 444 1118; x_wconf 86' lang='lat' dir='ltr'>praeclari</span> <span class='ocrx_word' id='word_1_54' title='bbox 470 1044 614 1103; x_wconf 89' lang='lat' dir='ltr'>facinoris</span> <span class='ocrx_word' id='word_1_55' title='bbox 639 1049 746 1102; x_wconf 84' lang='lat' dir='ltr'>auctor</span> <span class='ocrx_word' id='word_1_56' title='bbox 777 1043 832 1104; x_wconf 90' lang='lat' dir='ltr'>fuit</span> <span class='ocrx_word' id='word_1_57' title='bbox 861 1043 975 1105; x_wconf 87' lang='lat' dir='ltr'>Caldus</span> <span class='ocrx_word' id='word_1_58' title='bbox 1005 1044 1050 1103; x_wconf 84' lang='lat' dir='ltr'>Cae</span> 
     </span>
     <span class='ocr_line' id='line_1_10' title="bbox 154 1125 1050 1201; baseline 0 -15"><span class='ocrx_word' id='word_1_59' title='bbox 154 1128 328 1188; x_wconf 82' lang='lat' dir='ltr'>adulescens</span> <span class='ocrx_word' id='word_1_60' title='bbox 341 1131 493 1186; x_wconf 88' lang='lat' dir='ltr'>vetustate</span> <span class='ocrx_word' id='word_1_61' title='bbox 508 1127 638 1186; x_wconf 90' lang='lat' dir='ltr'>familiae</span> <span class='ocrx_word' id='word_1_62' title='bbox 654 1142 730 1185; x_wconf 88' lang='lat' dir='ltr'>suae</span> <span class='ocrx_word' id='word_1_63' title='bbox 745 1125 962 1201; x_wconf 66' lang='lat' dir='ltr'>dignissim,</span> <span class='ocrx_word' id='word_1_64' title='bbox 987 1129 1050 1201; x_wconf 80' lang='lat' dir='ltr'>quil</span> 
     </span>
     <span class='ocr_line' id='line_1_11' title="bbox 154 1209 1045 1286; baseline 0.003 -18"><span class='ocrx_word' id='word_1_65' title='bbox 154 1211 264 1286; x_wconf 86' lang='lat' dir='ltr'>plexus</span> <span class='ocrx_word' id='word_1_66' title='bbox 287 1217 475 1284; x_wconf 88' lang='lat' dir='ltr'>catenarum,</span> <span class='ocrx_word' id='word_1_67' title='bbox 498 1210 608 1284; x_wconf 90' lang='lat' dir='ltr'>quibus</span> <span class='ocrx_word' id='word_1_68' title='bbox 625 1209 746 1270; x_wconf 81' lang='lat' dir='ltr'>vinctus</span> <span class='ocrx_word' id='word_1_69' title='bbox 762 1216 840 1285; x_wconf 86' lang='lat' dir='ltr'>erat,</span> <span class='ocrx_word' id='word_1_70' title='bbox 862 1212 990 1286; x_wconf 91' lang='lat' dir='ltr'>seriem,</span> <span class='ocrx_word' id='word_1_71' title='bbox 1011 1211 1045 1271; x_wconf 84' lang='lat' dir='ltr'>ita</span> 
     </span>
     <span class='ocr_line' id='line_1_12' title="bbox 153 1292 1050 1369; baseline 0.001 -16"><span class='ocrx_word' id='word_1_72' title='bbox 153 1294 246 1353; x_wconf 91' lang='lat' dir='ltr'>inlisit</span> <span class='ocrx_word' id='word_1_73' title='bbox 259 1292 352 1367; x_wconf 86' lang='lat' dir='ltr'>capiti</span> <span class='ocrx_word' id='word_1_74' title='bbox 368 1309 441 1366; x_wconf 91' lang='lat' dir='ltr'>suo,</span> <span class='ocrx_word' id='word_1_75' title='bbox 459 1301 492 1353; x_wconf 91' lang='lat' dir='ltr'>ut</span> <span class='ocrx_word' id='word_1_76' title='bbox 502 1293 641 1368; x_wconf 89' lang='lat' dir='ltr'>protinus</span> <span class='ocrx_word' id='word_1_77' title='bbox 654 1293 768 1367; x_wconf 90' lang='lat' dir='ltr'>pariter</span> <span class='ocrx_word' id='word_1_78' title='bbox 779 1294 938 1369; x_wconf 81' lang='lat' dir='ltr'>sanguinis</span> <span class='ocrx_word' id='word_1_79' title='bbox 952 1296 1050 1355; x_wconf 82' lang='lat' dir='ltr'>cerehn</span> 
     </span>
     <span class='ocr_line' id='line_1_13' title="bbox 154 1376 458 1452; baseline -0.013 -15"><span class='ocrx_word' id='word_1_80' title='bbox 154 1376 279 1438; x_wconf 76' lang='lat' dir='ltr'>effluvio</span> <span class='ocrx_word' id='word_1_81' title='bbox 296 1377 458 1452; x_wconf 81' lang='lat' dir='ltr'>expiraret.</span> 
     </span>
    </p>

    <p class='ocr_par' dir='ltr' id='par_1_5' title="bbox 126 1458 1050 1950">
     <span class='ocr_line' id='line_1_14' title="bbox 126 1458 1050 1536; baseline 0.001 -16"><span class='ocrx_word' id='word_1_82' title='bbox 126 1478 137 1526; x_wconf 78' lang='grc' dir='ltr'>ι</span> <span class='ocrx_word' id='word_1_83' title='bbox 238 1460 336 1520; x_wconf 87' lang='lat' dir='ltr'>CXXI.</span> <span class='ocrx_word' id='word_1_84' title='bbox 364 1458 419 1520; x_wconf 89' lang='lat' dir='ltr'>His</span> <span class='ocrx_word' id='word_1_85' title='bbox 434 1459 546 1519; x_wconf 88' lang='lat' dir='ltr'>auditis</span> <span class='ocrx_word' id='word_1_86' title='bbox 560 1459 680 1520; x_wconf 88' lang='lat' dir='ltr'>revolat</span> <span class='ocrx_word' id='word_1_87' title='bbox 693 1461 732 1519; x_wconf 90' lang='lat' dir='ltr'>ad</span> <span class='ocrx_word' id='word_1_88' title='bbox 747 1467 863 1535; x_wconf 90' lang='lat' dir='ltr'>patrem</span> <span class='ocrx_word' id='word_1_89' title='bbox 879 1460 1050 1536; x_wconf 73' lang='lat' dir='ltr'>Caesar3pe</span> 
     </span>
     <span class='ocr_line' id='line_1_15' title="bbox 154 1535 1046 1620; baseline -0.001 -15"><span class='ocrx_word' id='word_1_90' title='bbox 154 1553 223 1605; x_wconf 88' lang='lat' dir='ltr'>tuus</span> <span class='ocrx_word' id='word_1_91' title='bbox 242 1535 398 1620; x_wconf 79' lang='lat' dir='ltr'>&#39;patronus</span> <span class='ocrx_word' id='word_1_92' title='bbox 413 1543 543 1604; x_wconf 91' lang='lat' dir='ltr'>Romani</span> <span class='ocrx_word' id='word_1_93' title='bbox 562 1542 671 1618; x_wconf 91' lang='lat' dir='ltr'>imperi</span> <span class='ocrx_word' id='word_1_94' title='bbox 683 1544 842 1605; x_wconf 90' lang='lat' dir='ltr'>adsuetam</span> <span class='ocrx_word' id='word_1_95' title='bbox 857 1543 916 1604; x_wconf 91' lang='lat' dir='ltr'>sibi</span> <span class='ocrx_word' id='word_1_96' title='bbox 928 1561 1046 1606; x_wconf 86' lang='lat' dir='ltr'>causan</span> 
     </span>
     <span class='ocr_line' id='line_1_16' title="bbox 154 1627 1050 1703; baseline 0.002 -16"><span class='ocrx_word' id='word_1_97' title='bbox 154 1629 241 1703; x_wconf 76' lang='lat' dir='ltr'>cipit,</span> <span class='ocrx_word' id='word_1_98' title='bbox 258 1629 384 1688; x_wconf 88' lang='lat' dir='ltr'>mittitur</span> <span class='ocrx_word' id='word_1_99' title='bbox 400 1627 440 1687; x_wconf 90' lang='lat' dir='ltr'>ad</span> <span class='ocrx_word' id='word_1_100' title='bbox 456 1628 662 1701; x_wconf 83' lang='lat' dir='ltr'>Germaniam,</span> <span class='ocrx_word' id='word_1_101' title='bbox 680 1628 791 1687; x_wconf 88' lang='lat' dir='ltr'>Gallias</span> <span class='ocrx_word' id='word_1_102' title='bbox 808 1628 984 1703; x_wconf 87' lang='lat' dir='ltr'>confirmat,</span> <span class='ocrx_word' id='word_1_103' title='bbox 1000 1629 1050 1703; x_wconf 70' lang='lat' dir='ltr'>disp</span> 
     </span>
     <span class='ocr_line' id='line_1_17' title="bbox 153 1709 1041 1786; baseline 0.002 -16"><span class='ocrx_word' id='word_1_104' title='bbox 153 1711 321 1783; x_wconf 88' lang='lat' dir='ltr'>exercitus,</span> <span class='ocrx_word' id='word_1_105' title='bbox 347 1709 502 1784; x_wconf 90' lang='lat' dir='ltr'>praesidia</span> <span class='ocrx_word' id='word_1_106' title='bbox 523 1709 664 1770; x_wconf 87' lang='lat' dir='ltr'>munitet</span> <span class='ocrx_word' id='word_1_107' title='bbox 689 1727 723 1770; x_wconf 90' lang='lat' dir='ltr'>se</span> <span class='ocrx_word' id='word_1_108' title='bbox 744 1711 953 1786; x_wconf 81' lang='lat' dir='ltr'>magnitudine</span> <span class='ocrx_word' id='word_1_109' title='bbox 975 1729 1041 1785; x_wconf 87' lang='lat' dir='ltr'>sua,</span> 
     </span>
     <span class='ocr_line' id='line_1_18' title="bbox 152 1793 1050 1866; baseline 0.002 -13"><span class='ocrx_word' id='word_1_110' title='bbox 152 1793 265 1853; x_wconf 87' lang='lat' dir='ltr'>fiducia</span> <span class='ocrx_word' id='word_1_111' title='bbox 289 1793 388 1852; x_wconf 90' lang='lat' dir='ltr'>hostis</span> <span class='ocrx_word' id='word_1_112' title='bbox 414 1793 558 1863; x_wconf 91' lang='lat' dir='ltr'>metiens,</span> <span class='ocrx_word' id='word_1_113' title='bbox 594 1793 644 1866; x_wconf 91' lang='lat' dir='ltr'>qui</span> <span class='ocrx_word' id='word_1_114' title='bbox 672 1793 850 1857; x_wconf 86' lang='lat' dir='ltr'>Cimbricam</span> <span class='ocrx_word' id='word_1_115' title='bbox 876 1795 1050 1856; x_wconf 87' lang='lat' dir='ltr'>Teutonicun</span> 
     </span>
     <span class='ocr_line' id='line_1_19' title="bbox 153 1874 1049 1950; baseline 0.004 -16"><span class='ocrx_word' id='word_1_116' title='bbox 153 1875 287 1935; x_wconf 90' lang='lat' dir='ltr'>militiam</span> <span class='ocrx_word' id='word_1_117' title='bbox 308 1875 412 1934; x_wconf 88' lang='lat' dir='ltr'>Italiae</span> <span class='ocrx_word' id='word_1_118' title='bbox 438 1874 623 1950; x_wconf 89' lang='lat' dir='ltr'>minabatur,</span> <span class='ocrx_word' id='word_1_119' title='bbox 649 1877 727 1936; x_wconf 90' lang='lat' dir='ltr'>ultro</span> <span class='ocrx_word' id='word_1_120' title='bbox 748 1877 888 1938; x_wconf 90' lang='lat' dir='ltr'>Rhenum</span> <span class='ocrx_word' id='word_1_121' title='bbox 908 1895 979 1939; x_wconf 86' lang='lat' dir='ltr'>cunr</span> <span class='ocrx_word' id='word_1_122' title='bbox 999 1895 1049 1940; x_wconf 85' lang='lat' dir='ltr'>exe</span> 
     </span>
    </p>

    <p class='ocr_par' dir='ltr' id='par_1_6' title="bbox 124 1958 1050 2286">
     <span class='ocr_line' id='line_1_20' title="bbox 124 1958 1049 2038; baseline 0.003 -18"><span class='ocrx_word' id='word_1_123' title='bbox 124 1968 141 2020; x_wconf 71' lang='lat' dir='ltr'>a</span> <span class='ocrx_word' id='word_1_124' title='bbox 154 1958 382 2034; x_wconf 80' lang='lat' dir='ltr'>transgreditur.</span> <span class='ocrx_word' id='word_1_125' title='bbox 404 1960 500 2027; x_wconf 81' lang='lat' dir='ltr'>Arma</span> <span class='ocrx_word' id='word_1_126' title='bbox 513 1959 617 2031; x_wconf 90' lang='lat' dir='ltr'>infert,</span> <span class='ocrx_word' id='word_1_127' title='bbox 640 1977 719 2034; x_wconf 88' lang='lat' dir='ltr'>quae</span> <span class='ocrx_word' id='word_1_128' title='bbox 735 1963 873 2021; x_wconf 86' lang='lat' dir='ltr'>arcuisse</span> <span class='ocrx_word' id='word_1_129' title='bbox 889 1971 977 2036; x_wconf 89' lang='lat' dir='ltr'>pater</span> <span class='ocrx_word' id='word_1_130' title='bbox 992 1971 1049 2038; x_wconf 90' lang='lat' dir='ltr'>etp</span> 
     </span>
     <span class='ocr_line' id='line_1_21' title="bbox 154 2043 1050 2121; baseline 0.001 -17"><span class='ocrx_word' id='word_1_131' title='bbox 154 2044 285 2106; x_wconf 89' lang='lat' dir='ltr'>contenti</span> <span class='ocrx_word' id='word_1_132' title='bbox 311 2051 412 2113; x_wconf 90' lang='lat' dir='ltr'>erant;</span> <span class='ocrx_word' id='word_1_133' title='bbox 439 2049 579 2120; x_wconf 86' lang='lat' dir='ltr'>penetrat</span> <span class='ocrx_word' id='word_1_134' title='bbox 598 2043 739 2117; x_wconf 90' lang='lat' dir='ltr'>interius,</span> <span class='ocrx_word' id='word_1_135' title='bbox 767 2047 864 2119; x_wconf 90' lang='lat' dir='ltr'>aperit</span> <span class='ocrx_word' id='word_1_136' title='bbox 884 2046 1011 2121; x_wconf 88' lang='lat' dir='ltr'>limites,</span> <span class='ocrx_word' id='word_1_137' title='bbox 1032 2064 1050 2105; x_wconf 81' lang='lat' dir='ltr'>v.</span> 
     </span>
     <span class='ocr_line' id='line_1_22' title="bbox 153 2125 1050 2204; baseline 0.004 -17"><span class='ocrx_word' id='word_1_138' title='bbox 153 2144 261 2203; x_wconf 78' lang='lat' dir='ltr'>agroS,</span> <span class='ocrx_word' id='word_1_139' title='bbox 274 2129 466 2201; x_wconf 91' lang='lat' dir='ltr'>uritdomos‚</span> <span class='ocrx_word' id='word_1_140' title='bbox 481 2125 580 2187; x_wconf 91' lang='lat' dir='ltr'>fundit</span> <span class='ocrx_word' id='word_1_141' title='bbox 593 2127 716 2202; x_wconf 91' lang='lat' dir='ltr'>obvios,</span> <span class='ocrx_word' id='word_1_142' title='bbox 732 2129 926 2203; x_wconf 84' lang='lat' dir='ltr'>maximaque</span> <span class='ocrx_word' id='word_1_143' title='bbox 943 2131 1050 2204; x_wconf 79' lang='lat' dir='ltr'>cumgl</span> 
     </span>
     <span class='ocr_line' id='line_1_23' title="bbox 153 2211 1050 2286; baseline 0.001 -15"><span class='ocrx_word' id='word_1_144' title='bbox 153 2213 297 2272; x_wconf 91' lang='lat' dir='ltr'>incolumi</span> <span class='ocrx_word' id='word_1_145' title='bbox 314 2213 462 2281; x_wconf 91' lang='lat' dir='ltr'>omnium,</span> <span class='ocrx_word' id='word_1_146' title='bbox 480 2227 559 2283; x_wconf 91' lang='lat' dir='ltr'>quos</span> <span class='ocrx_word' id='word_1_147' title='bbox 573 2211 803 2286; x_wconf 88' lang='lat' dir='ltr'>transduxerat,</span> <span class='ocrx_word' id='word_1_148' title='bbox 820 2228 949 2274; x_wconf 89' lang='lat' dir='ltr'>numero</span> <span class='ocrx_word' id='word_1_149' title='bbox 964 2216 995 2273; x_wconf 93' lang='lat' dir='ltr'>in</span> <span class='ocrx_word' id='word_1_150' title='bbox 1008 2213 1050 2273; x_wconf 81' lang='lat' dir='ltr'>iub</span> 
     </span>
    </p>

    <p class='ocr_par' dir='ltr' id='par_1_7' title="bbox 124 2292 1050 3374">
     <span class='ocr_line' id='line_1_24' title="bbox 124 2292 1050 2370; baseline 0.011 -24"><span class='ocrx_word' id='word_1_151' title='bbox 124 2294 321 2354; x_wconf 86' lang='lat' dir='ltr'>3revertitur.</span> <span class='ocrx_word' id='word_1_152' title='bbox 358 2293 474 2351; x_wconf 87' lang='lat' dir='ltr'>Eadem</span> <span class='ocrx_word' id='word_1_153' title='bbox 486 2292 582 2352; x_wconf 89' lang='lat' dir='ltr'>virtus</span> <span class='ocrx_word' id='word_1_154' title='bbox 598 2302 628 2352; x_wconf 91' lang='lat' dir='ltr'>et</span> <span class='ocrx_word' id='word_1_155' title='bbox 643 2295 763 2354; x_wconf 90' lang='lat' dir='ltr'>fortuna</span> <span class='ocrx_word' id='word_1_156' title='bbox 778 2295 982 2370; x_wconf 85' lang='lat' dir='ltr'>subsequenti</span> <span class='ocrx_word' id='word_1_157' title='bbox 998 2306 1050 2358; x_wconf 89' lang='lat' dir='ltr'>tem</span> 
     </span>
     <span class='ocr_line' id='line_1_25' title="bbox 152 2374 1050 2456; baseline 0.004 -20"><span class='ocrx_word' id='word_1_158' title='bbox 152 2377 284 2449; x_wconf 82' lang='lat' dir='ltr'>ingressi</span> <span class='ocrx_word' id='word_1_159' title='bbox 311 2374 503 2434; x_wconf 87' lang='lat' dir='ltr'>Germaniam</span> <span class='ocrx_word' id='word_1_160' title='bbox 527 2376 719 2449; x_wconf 89' lang='lat' dir='ltr'>imperatoris</span> <span class='ocrx_word' id='word_1_161' title='bbox 734 2377 834 2438; x_wconf 89' lang='lat' dir='ltr'>Tiberi</span> <span class='ocrx_word' id='word_1_162' title='bbox 855 2380 924 2452; x_wconf 87' lang='lat' dir='ltr'>fuit,</span> <span class='ocrx_word' id='word_1_163' title='bbox 949 2382 1050 2456; x_wconf 88' lang='lat' dir='ltr'>quael</span> 
     </span>
     <span class='ocr_line' id='line_1_26' title="bbox 153 2457 1050 2540; baseline 0.008 -22"><span class='ocrx_word' id='word_1_164' title='bbox 153 2461 260 2518; x_wconf 86' lang='lat' dir='ltr'>luerat.</span> <span class='ocrx_word' id='word_1_165' title='bbox 285 2457 341 2531; x_wconf 81' lang='lat' dir='ltr'>Qui</span> <span class='ocrx_word' id='word_1_166' title='bbox 356 2457 492 2518; x_wconf 90' lang='lat' dir='ltr'>contusis</span> <span class='ocrx_word' id='word_1_167' title='bbox 504 2457 636 2519; x_wconf 87' lang='lat' dir='ltr'>hostium</span> <span class='ocrx_word' id='word_1_168' title='bbox 648 2460 765 2520; x_wconf 91' lang='lat' dir='ltr'>viribus</span> <span class='ocrx_word' id='word_1_169' title='bbox 779 2464 918 2522; x_wconf 88' lang='lat' dir='ltr'>classicis</span> <span class='ocrx_word' id='word_1_170' title='bbox 934 2466 1050 2540; x_wconf 81' lang='lat' dir='ltr'>peditur</span> 
     </span>
     <span class='ocr_line' id='line_1_27' title="bbox 153 2541 1050 2617; baseline 0.006 -16"><span class='ocrx_word' id='word_1_171' title='bbox 153 2541 415 2617; x_wconf 85' lang='lat' dir='ltr'>expeditionibus,</span> <span class='ocrx_word' id='word_1_172' title='bbox 432 2558 500 2602; x_wconf 89' lang='lat' dir='ltr'>cum</span> <span class='ocrx_word' id='word_1_173' title='bbox 514 2558 566 2603; x_wconf 90' lang='lat' dir='ltr'>res</span> <span class='ocrx_word' id='word_1_174' title='bbox 578 2543 740 2605; x_wconf 89' lang='lat' dir='ltr'>Galliarum</span> <span class='ocrx_word' id='word_1_175' title='bbox 753 2546 903 2606; x_wconf 89' lang='lat' dir='ltr'>maximae</span> <span class='ocrx_word' id='word_1_176' title='bbox 918 2548 1010 2610; x_wconf 88' lang='lat' dir='ltr'>molis</span> <span class='ocrx_word' id='word_1_177' title='bbox 1024 2563 1050 2608; x_wconf 78' lang='lat' dir='ltr'>ac</span> 
     </span>
     <span class='ocr_line' id='line_1_28' title="bbox 153 2624 1050 2701; baseline 0.003 -15"><span class='ocrx_word' id='word_1_178' title='bbox 153 2624 1050 2701; x_wconf 77' lang='lat' dir='ltr'>sasqueplebisViennensiumdissensionescoercitionen</span> 
     </span>
     <span class='ocr_line' id='line_1_29' title="bbox 153 2708 1050 2790; baseline 0 -21"><span class='ocrx_word' id='word_1_179' title='bbox 153 2726 244 2784; x_wconf 89' lang='lat' dir='ltr'>quam</span> <span class='ocrx_word' id='word_1_180' title='bbox 266 2725 368 2783; x_wconf 85' lang='lat' dir='ltr'>poena</span> <span class='ocrx_word' id='word_1_181' title='bbox 391 2708 554 2781; x_wconf 89' lang='lat' dir='ltr'>mollissel,</span> <span class='ocrx_word' id='word_1_182' title='bbox 574 2715 604 2768; x_wconf 87' lang='lat' dir='ltr'>et</span> <span class='ocrx_word' id='word_1_183' title='bbox 618 2718 743 2770; x_wconf 88' lang='lat' dir='ltr'>senatus</span> <span class='ocrx_word' id='word_1_184' title='bbox 765 2716 964 2790; x_wconf 85' lang='lat' dir='ltr'>populusque</span> <span class='ocrx_word' id='word_1_185' title='bbox 978 2717 1050 2777; x_wconf 87' lang='lat' dir='ltr'>Rom</span> 
     </span>
     <span class='ocr_line' id='line_1_30' title="bbox 152 2790 1045 2867; baseline 0.009 -17"><span class='ocrx_word' id='word_1_186' title='bbox 152 2793 326 2867; x_wconf 88' lang='lat' dir='ltr'>postulante</span> <span class='ocrx_word' id='word_1_187' title='bbox 342 2798 429 2865; x_wconf 89' lang='lat' dir='ltr'>patre</span> <span class='ocrx_word' id='word_1_188' title='bbox 445 2790 525 2864; x_wconf 79' lang='lat' dir='ltr'>eiuS,</span> <span class='ocrx_word' id='word_1_189' title='bbox 541 2799 575 2851; x_wconf 92' lang='lat' dir='ltr'>ut</span> <span class='ocrx_word' id='word_1_190' title='bbox 590 2807 720 2867; x_wconf 90' lang='lat' dir='ltr'>aequum</span> <span class='ocrx_word' id='word_1_191' title='bbox 736 2793 763 2853; x_wconf 91' lang='lat' dir='ltr'>ei</span> <span class='ocrx_word' id='word_1_192' title='bbox 783 2797 831 2856; x_wconf 90' lang='lat' dir='ltr'>ius</span> <span class='ocrx_word' id='word_1_193' title='bbox 852 2796 882 2855; x_wconf 92' lang='lat' dir='ltr'>in</span> <span class='ocrx_word' id='word_1_194' title='bbox 905 2801 1045 2860; x_wconf 85' lang='lat' dir='ltr'>omnibus</span> 
     </span>
     <span class='ocr_line' id='line_1_31' title="bbox 152 2872 1039 2954; baseline 0.011 -21"><span class='ocrx_word' id='word_1_195' title='bbox 152 2872 261 2933; x_wconf 91' lang='lat' dir='ltr'>vinciis</span> <span class='ocrx_word' id='word_1_196' title='bbox 277 2873 524 2948; x_wconf 84' lang='lat' dir='ltr'>exercitibusque</span> <span class='ocrx_word' id='word_1_197' title='bbox 536 2883 633 2950; x_wconf 90' lang='lat' dir='ltr'>esset,</span> <span class='ocrx_word' id='word_1_198' title='bbox 647 2893 738 2952; x_wconf 86' lang='lat' dir='ltr'>quam</span> <span class='ocrx_word' id='word_1_199' title='bbox 750 2888 814 2940; x_wconf 89' lang='lat' dir='ltr'>erat</span> <span class='ocrx_word' id='word_1_200' title='bbox 825 2880 899 2954; x_wconf 89' lang='lat' dir='ltr'>ipsi,</span> <span class='ocrx_word' id='word_1_201' title='bbox 914 2883 1039 2943; x_wconf 86' lang='lat' dir='ltr'>decreto</span> 
     </span>
     <span class='ocr_line' id='line_1_32' title="bbox 153 2956 1050 3033; baseline 0.011 -17"><span class='ocrx_word' id='word_1_202' title='bbox 153 2959 263 3033; x_wconf 86' lang='lat' dir='ltr'>plexus</span> <span class='ocrx_word' id='word_1_203' title='bbox 285 2963 383 3029; x_wconf 90' lang='lat' dir='ltr'>esset,</span> <span class='ocrx_word' id='word_1_204' title='bbox 406 2956 530 3030; x_wconf 91' lang='lat' dir='ltr'>(etenim</span> <span class='ocrx_word' id='word_1_205' title='bbox 545 2958 712 3019; x_wconf 86' lang='lat' dir='ltr'>absurdum</span> <span class='ocrx_word' id='word_1_206' title='bbox 734 2970 799 3022; x_wconf 90' lang='lat' dir='ltr'>erat</span> <span class='ocrx_word' id='word_1_207' title='bbox 819 2980 880 3023; x_wconf 93' lang='lat' dir='ltr'>non</span> <span class='ocrx_word' id='word_1_208' title='bbox 897 2982 976 3028; x_wconf 80' lang='lat' dir='ltr'>,esse</span> <span class='ocrx_word' id='word_1_209' title='bbox 999 2966 1050 3026; x_wconf 90' lang='lat' dir='ltr'>sul</span> 
     </span>
     <span class='ocr_line' id='line_1_33' title="bbox 154 3039 1050 3121; baseline 0.01 -20"><span class='ocrx_word' id='word_1_210' title='bbox 154 3055 234 3116; x_wconf 91' lang='lat' dir='ltr'>quae</span> <span class='ocrx_word' id='word_1_211' title='bbox 249 3040 353 3100; x_wconf 90' lang='lat' dir='ltr'>abillo</span> <span class='ocrx_word' id='word_1_212' title='bbox 369 3039 616 3116; x_wconf 87' lang='lat' dir='ltr'>vindicabantur,</span> <span class='ocrx_word' id='word_1_213' title='bbox 633 3044 729 3119; x_wconf 89' lang='lat' dir='ltr'>etqui</span> <span class='ocrx_word' id='word_1_214' title='bbox 746 3047 881 3121; x_wconf 89' lang='lat' dir='ltr'>adopem</span> <span class='ocrx_word' id='word_1_215' title='bbox 898 3049 1050 3110; x_wconf 79' lang='lat' dir='ltr'>ferendam</span> 
     </span>
     <span class='ocr_line' id='line_1_34' title="bbox 151 3123 1050 3208; baseline 0.009 -24"><span class='ocrx_word' id='word_1_216' title='bbox 151 3142 220 3185; x_wconf 93' lang='lat' dir='ltr'>mus</span> <span class='ocrx_word' id='word_1_217' title='bbox 237 3131 315 3200; x_wconf 89' lang='lat' dir='ltr'>erat,</span> <span class='ocrx_word' id='word_1_218' title='bbox 337 3124 376 3184; x_wconf 89' lang='lat' dir='ltr'>ad</span> <span class='ocrx_word' id='word_1_219' title='bbox 392 3123 608 3184; x_wconf 90' lang='lat' dir='ltr'>vindicandum</span> <span class='ocrx_word' id='word_1_220' title='bbox 624 3127 771 3188; x_wconf 92' lang='lat' dir='ltr'>honorem</span> <span class='ocrx_word' id='word_1_221' title='bbox 792 3147 853 3191; x_wconf 90' lang='lat' dir='ltr'>non</span> <span class='ocrx_word' id='word_1_222' title='bbox 868 3130 1000 3192; x_wconf 86' lang='lat' dir='ltr'>indicari</span> <span class='ocrx_word' id='word_1_223' title='bbox 1015 3151 1050 3208; x_wconf 91' lang='lat' dir='ltr'>pa</span> 
     </span>
     <span class='ocr_line' id='line_1_35' title="bbox 152 3207 1050 3283; baseline 0.012 -17"><span class='ocrx_word' id='word_1_224' title='bbox 152 3207 183 3267; x_wconf 93' lang='lat' dir='ltr'>in</span> <span class='ocrx_word' id='word_1_225' title='bbox 198 3209 305 3268; x_wconf 90' lang='lat' dir='ltr'>urbem</span> <span class='ocrx_word' id='word_1_226' title='bbox 319 3225 465 3268; x_wconf 86' lang='lat' dir='ltr'>reversus</span> <span class='ocrx_word' id='word_1_227' title='bbox 486 3208 667 3283; x_wconf 89' lang='lat' dir='ltr'>iampridem</span> <span class='ocrx_word' id='word_1_228' title='bbox 683 3211 816 3272; x_wconf 91' lang='lat' dir='ltr'>debitum</span> <span class='ocrx_word' id='word_1_229' title='bbox 833 3215 888 3274; x_wconf 89' lang='lat' dir='ltr'>sed</span> <span class='ocrx_word' id='word_1_230' title='bbox 904 3217 1050 3277; x_wconf 86' lang='lat' dir='ltr'>continua</span> 
     </span>
     <span class='ocr_line' id='line_1_36' title="bbox 152 3290 1050 3374; baseline 0.013 -26"><span class='ocrx_word' id='word_1_231' title='bbox 152 3290 300 3351; x_wconf 90' lang='lat' dir='ltr'>bellorum</span> <span class='ocrx_word' id='word_1_232' title='bbox 323 3290 448 3350; x_wconf 87' lang='lat' dir='ltr'>dilatum</span> <span class='ocrx_word' id='word_1_233' title='bbox 469 3307 508 3351; x_wconf 86' lang='lat' dir='ltr'>ex</span> <span class='ocrx_word' id='word_1_234' title='bbox 528 3292 694 3354; x_wconf 91' lang='lat' dir='ltr'>Pannoniis</span> <span class='ocrx_word' id='word_1_235' title='bbox 716 3297 924 3372; x_wconf 89' lang='lat' dir='ltr'>Delmatisque</span> <span class='ocrx_word' id='word_1_236' title='bbox 947 3299 1009 3374; x_wconf 81' lang='lat' dir='ltr'>egit</span> <span class='ocrx_word' id='word_1_237' title='bbox 1030 3309 1050 3360; x_wconf 89' lang='lat' dir='ltr'>tr</span> 
     </span>
    </p>

    <p class='ocr_par' dir='ltr' id='par_1_8' title="bbox 123 3372 1050 3611">
     <span class='ocr_line' id='line_1_37' title="bbox 123 3372 1050 3452; baseline 0.015 -23"><span class='ocrx_word' id='word_1_238' title='bbox 123 3372 256 3447; x_wconf 68' lang='lat' dir='ltr'>cplrum.</span> <span class='ocrx_word' id='word_1_239' title='bbox 293 3372 383 3431; x_wconf 85' lang='lat' dir='ltr'>Cuius</span> <span class='ocrx_word' id='word_1_240' title='bbox 404 3373 658 3446; x_wconf 84' lang='lat' dir='ltr'>magnificentiam</span> <span class='ocrx_word' id='word_1_241' title='bbox 681 3379 749 3452; x_wconf 90' lang='lat' dir='ltr'>quis</span> <span class='ocrx_word' id='word_1_242' title='bbox 774 3379 897 3441; x_wconf 87' lang='lat' dir='ltr'>miretur</span> <span class='ocrx_word' id='word_1_243' title='bbox 922 3381 953 3441; x_wconf 92' lang='lat' dir='ltr'>in</span> <span class='ocrx_word' id='word_1_244' title='bbox 981 3384 1050 3443; x_wconf 75' lang='lat' dir='ltr'>Caes</span> 
     </span>
     <span class='ocr_line' id='line_1_38' title="bbox 153 3456 1050 3542; baseline 0.014 -28"><span class='ocrx_word' id='word_1_245' title='bbox 153 3456 292 3514; x_wconf 83' lang='lat' dir='ltr'>fortunae</span> <span class='ocrx_word' id='word_1_246' title='bbox 318 3469 392 3514; x_wconf 84' lang='lat' dir='ltr'>vero</span> <span class='ocrx_word' id='word_1_247' title='bbox 421 3457 489 3528; x_wconf 86' lang='lat' dir='ltr'>quis</span> <span class='ocrx_word' id='word_1_248' title='bbox 515 3474 575 3518; x_wconf 92' lang='lat' dir='ltr'>non</span> <span class='ocrx_word' id='word_1_249' title='bbox 601 3459 725 3521; x_wconf 88' lang='lat' dir='ltr'>miretur</span> <span class='ocrx_word' id='word_1_250' title='bbox 749 3460 991 3538; x_wconf 72' lang='lat' dir='ltr'>indulgentiam?</span> <span class='ocrx_word' id='word_1_251' title='bbox 1016 3486 1050 3542; x_wconf 82' lang='lat' dir='ltr'>qt</span> 
     </span>
     <span class='ocr_line' id='line_1_39' title="bbox 154 3536 1035 3611; baseline 0.015 -13"><span class='ocrx_word' id='word_1_252' title='bbox 154 3537 252 3598; x_wconf 89' lang='lat' dir='ltr'>omnis</span> <span class='ocrx_word' id='word_1_253' title='bbox 274 3536 532 3600; x_wconf 87' lang='lat' dir='ltr'>eminentissimos</span> <span class='ocrx_word' id='word_1_254' title='bbox 554 3541 687 3604; x_wconf 92' lang='lat' dir='ltr'>hostium</span> <span class='ocrx_word' id='word_1_255' title='bbox 708 3545 803 3605; x_wconf 86' lang='lat' dir='ltr'>duces</span> <span class='ocrx_word' id='word_1_256' title='bbox 826 3565 887 3608; x_wconf 91' lang='lat' dir='ltr'>non</span> <span class='ocrx_word' id='word_1_257' title='bbox 911 3550 1035 3611; x_wconf 91' lang='lat' dir='ltr'>occisos</span> 
     </span>
    </p>
   </div>
   <div class='ocr_carea' id='block_1_3' title="bbox 25 3781 151 3936">
    <p class='ocr_par' dir='ltr' id='par_1_9' title="bbox 25 3781 151 3936">
     <span class='ocr_line' id='line_1_40' title="bbox 25 3781 151 3936; baseline 0 0"><span class='ocrx_word' id='word_1_258' title='bbox 25 3781 151 3936; x_wconf 58' lang='lat' dir='ltr'>&#39;X</span> 
     </span>
    </p>
   </div>
   <div class='ocr_carea' id='block_1_4' title="bbox 0 0 1178 4222">
    <p class='ocr_par' dir='ltr' id='par_1_10' title="bbox 0 0 1178 4222">
     <span class='ocr_line' id='line_1_41' title="bbox 0 0 1178 4222; baseline 0 0"><span class='ocrx_word' id='word_1_259' title='bbox 0 0 1178 4222; x_wconf 95' lang='lat' dir='ltr'> </span> 
     </span>
    </p>
   </div>
  </div>
 </body>
</html>
