2348 4222
265 375 728 450 msroamnnounnnan
745 385 788 438 ro.
970 377 1009 439 13

32 533 114 607 ginta
128 530 216 589 annis
234 529 452 589 circumdatum
468 544 578 588 aevum
589 529 665 600 tulit,
679 537 712 588 ut
727 545 783 588 nec
799 534 958 604 poetarum
980 531 1013 590 in

30 616 184 690 antiquius
211 613 375 672 citeriusve
401 612 553 686 processit
576 606 709 671 ubertas.
747 616 787 671 At
802 615 897 673 oratio
914 632 950 673 ac
967 616 1046 676 viss

30 699 165 758 forensis
178 697 408 771 perlectumque
419 711 532 769 prosae
547 696 740 768 eloquentiae
757 696 861 767 decus,
885 705 919 759 ut
933 699 1014 758 idem

29 788 193 856 separetur
214 780 301 851 Cato,
324 793 403 853 pace
427 777 459 836 P.
476 779 578 837 Crassi
599 777 815 853 Scipionisque
838 779 964 840 etLaeli
985 790 1015 841 et
1083 776 1086 782 ’

29 864 239 925 Gracchorum
251 869 280 921 et
290 863 386 921 Fanni
402 869 431 920 et
440 861 527 920 Servi
539 861 653 920 Galbae
665 861 801 935 dixerim,
815 863 856 922 ita
870 864 1015 924 universa

28 948 89 1006 sub
105 946 244 1022 principe
256 947 360 1020 operis
373 947 421 1004 sui
434 943 645 1018 erupitTullio,
659 951 693 1003 ut
704 945 850 1005 delectari
864 953 933 1005 ante
945 963 1015 1007 eum
1071 942 1073 947 ’

29 1031 236 1106 paucissimis,
253 1029 355 1089 mirari
370 1044 443 1087 vcro
460 1029 610 1087 neminem
628 1027 741 1101 possiS,
768 1029 826 1088 nisi
842 1036 895 1089 aut
909 1028 947 1088 ab
963 1030 1013 1091 illo

30 1113 134 1173 visum
149 1120 200 1173 aut
215 1114 265 1187 qui
279 1113 361 1171 illum
377 1111 495 1170 viderit.
530 1106 692 1170 Hoc‘idem
707 1112 851 1172 evenisse
866 1129 1015 1187 gramma·
1029 1124 1048 1176 4

29 1197 110 1268 ticis,
125 1197 243 1270 plastiS,
259 1195 437 1270 pictoribus,
463 1194 666 1268 scalptoribus
683 1195 826 1270 quisquis
841 1202 1015 1270 temporum

28 1278 174 1339 institerit
188 1279 269 1338 notis
284 1277 426 1353 reperiet,
449 1277 644 1336 eminentiam
669 1280 819 1353 cuiusque
842 1281 944 1354 operis
967 1297 1013 1339 ar·

28 1364 157 1422 tissimis
173 1370 346 1436 temporum
361 1361 501 1421 claustris
510 1361 736 1421 circumdatam.
765 1363 863 1421 Huius
878 1379 952 1438 ergo
967 1380 1014 1422 re·
1029 1376 1046 1426 5

30 1446 170 1505 cedentis
192 1447 271 1504 intra
290 1447 427 1507 seculum
448 1444 638 1518 ingeniorum
660 1446 864 1504 similitudinis
887 1462 1013 1518 congre-

29 1531 195 1603 gantisque
210 1546 246 1589 se
260 1536 290 1588 ct
304 1529 335 1586 in
351 1530 484 1588 studium
499 1545 554 1603 par
570 1535 599 1586 et
613 1529 644 1586 in
654 1530 890 1587 emolumentum
904 1543 1013 1589 causas

31 1629 104 1670 cum
120 1628 242 1686 semper
256 1614 390 1687 requiro,
413 1628 569 1686 nunquam
590 1611 711 1686 reperio
737 1627 814 1684 quas
837 1626 909 1669 esse
925 1628 1014 1679 veras

30 1694 196 1767 confidam,
210 1695 267 1753 sed
278 1697 410 1755 sortasse
421 1694 486 1753 veri
497 1694 621 1765 similes,
635 1695 797 1768 interquas
809 1693 865 1753 has
874 1695 1014 1754 maxime.

29 1777 95 1838 nlit
110 1778 270 1839 aemulatio
285 1779 407 1853 ingenia
417 1787 447 1838 et
459 1794 539 1839 nune
553 1777 760 1838 invidianunc
775 1778 934 1838 admiratio
950 1777 1015 1838 imi·
1030 1796 1046 1850 6

29 1862 176 1922 tationem
199 1863 339 1923 accendit
353 1871 523 1938 naturaque
536 1862 621 1937 quod
636 1878 755 1922 summo
771 1862 872 1923 studio
888 1861 1016 1937 petitum

29 1953 88 2019 est,
104 1947 243 2006 ascendit
256 1946 287 2005 in
300 1964 451 2007 summum
466 1947 662 2020 difficilisque
676 1948 707 2006 in
721 1947 858 2020 perlecto
870 1963 957 2006 mora
969 1953 1017 2005 est

28 2032 270 2105 naturaliterque
286 2032 371 2105 quod
383 2033 554 2104 procedere
568 2045 631 2088 non
646 2037 762 2101 potest,
785 2029 910 2102 recedit,
933 2037 963 2088 et
984 2038 1018 2089 ut

27 2112 131 2188 primo
149 2114 190 2173 ad
205 2113 444 2186 consequendos
461 2127 541 2185 quos
561 2111 681 2182 priores
704 2111 853 2181 ducimus,
873 2112 1015 2169 accendi-

26 2213 108 2268 mur,
124 2197 165 2256 ita
181 2196 232 2254 ubi
248 2203 300 2253 aut
314 2195 471 2266 praeteriri
487 2199 540 2252 aut
550 2191 676 2266 aequari
691 2207 746 2250 eos
758 2207 855 2264 posse
870 2192 1015 2266 despera-

26 2280 143 2348 vimus,
161 2277 293 2335 studium
307 2291 375 2335 oum
390 2292 448 2350 spe
462 2277 596 2336 senescit
607 2283 637 2335 et
649 2274 732 2349 quod
744 2275 874 2350 adsequi
890 2292 951 2335 non
960 2292 1015 2350 po-

28 2367 103 2429 test,
120 2357 327 2433 scquidcsinit
338 2363 461 2422 etvelut
473 2368 655 2435 occupatam
669 2361 844 2434 relinquens
860 2360 1016 2419 materiam

30 2440 154 2516 quaerit
168 2459 287 2515 novam,
303 2445 530 2518 praeteritoque
546 2461 582 2504 eo
599 2443 628 2502 in
643 2461 704 2518 quo
718 2445 851 2503 eminere
865 2461 926 2504 non
942 2460 1015 2518 pos-

29 2542 153 2599 sumne,
171 2525 331 2615 aliquidgn
349 2543 410 2599 quo
426 2528 563 2600 nitamur,
580 2528 788 2601 conquirimus
804 2531 1014 2603 sequiturque,

27 2617 67 2669 ut
78 2611 225 2684 frequens
241 2626 278 2669 ac
296 2608 418 2670 mobilis
431 2610 577 2670 transitus
592 2609 756 2670 maximum
769 2610 896 2684 perlecti
911 2612 1015 2685 operis

27 2693 283 2768 impedimentum
305 2695 353 2752 sit.

116 2778 223 2836 XVlll.
264 2778 384 2837 Transit
405 2778 564 2837 admiratio
585 2778 622 2837 ab
646 2778 821 2838 conditione
842 2785 1045 2853 temporum1

28 2861 118 2919 etad
147 2861 275 2921 urbium.
310 2862 378 2921 Una
400 2863 473 2921 urbs
486 2863 587 2922 Attica
602 2863 741 2935 pluribus
763 2866 851 2923 annis
866 2864 1013 2938 cloquen-

27 2945 100 3017 tiae,
125 2962 214 3018 qoam
230 2945 377 3005 universa
388 2945 515 3004 Graecia
531 2946 741 3020 operibusque
756 2946 866 3021 floruit,
890 2949 968 3007 adeo
983 2954 1016 3006 ut

28 3045 165 3103 corpora
179 3030 278 3102 gentis
293 3029 374 3089 illius
397 3038 540 3104 separata
562 3029 646 3103 [sint]
667 3031 696 3088 in
710 3032 784 3090 alias
801 3030 947 3102 civitates,
970 3031 1014 3087 in-

27 3112 122 3186 genia
145 3129 219 3170 vero
249 3114 322 3173 solis
344 3113 578 3174 Atheniensium
606 3114 701 3172 muris
717 3115 823 3172 clausa
848 3113 1014 3170 existimes.

26 3196 139 3270 Neque
155 3212 211 3270 ego
228 3196 288 3256 boo
305 3197 404 3270 magis
422 3199 546 3255 nriratus
559 3197 625 3267 sim,
650 3211 742 3269 quam
763 3195 913 3254 neminem
925 3196 1012 3269 Argi·
1029 3203 1045 3254 2

25 3297 113 3352 vum,
126 3280 313 3355 Thebanum,
328 3280 606 3339 Lacedaemonium
622 3286 773 3338 oratorem
788 3286 840 3338 aut
855 3280 925 3338 dum
940 3280 1015 3338 vixit

25 3364 221 3436 auctoritate,
243 3371 294 3424 aut
316 3370 536 3437 postmortem
550 3363 696 3422 memoria
720 3363 844 3438 dignum
860 3365 1013 3424 existima-

24 3457 109 3517 tum;
127 3464 207 3522 quae
221 3449 314 3508 urbes
330 3447 434 3507 talium
450 3448 712 3507 studiorumluere
722 3448 852 3521 steriles,
868 3448 926 3507 nisi
938 3447 1015 3505 The-

24 3532 87 3592 bas
105 3548 197 3590 unum
213 3549 248 3592 os
263 3531 385 3591 Pindari
399 3533 607 3601 inluminaret;
630 3548 700 3591 nam
714 3534 862 3591 Alcmana
875 3533 1014 3590 Lacones

25 3617 111 3675 salso
125 3615 182 3674 sibi
197 3616 359 3675 vindicant.
376 3614 425 3687 [Et
437 3615 469 3674 in
483 3616 568 3674 ltalia
582 3617 597 3648 *
607 3613 656 3685 **]

417 3732 626 3746 .-.-.-.-,.-

824 3682 840 3689 -
852 3690 907 3749 ,δ’
