2348 4222
210 365 420 426 HISTORIAE
443 365 634 426 ROMANAE
656 366 697 439 ll,
721 373 764 428 19.
938 364 982 426 25

10 514 164 589 lannibah
181 523 332 589 occupata
346 516 422 575 Asia
447 516 626 590 necatisque
645 514 676 574 in
691 531 730 575 ea
744 515 884 576 omnibus
905 516 982 576 civi-

43 615 57 658 s
72 600 234 671 Romanis,
255 615 332 671 quos
350 597 472 673 quidem
494 599 603 657 eadem
617 599 667 656 die
682 605 773 673 atque
786 599 863 660 hora
876 600 978 660 reddi-

53 681 225 740 civitatihus
248 682 353 741 littaris
375 682 489 754 ingenti
511 697 579 741 cum
595 681 814 756 pollicitatione
830 684 979 756 praemio-

10 778 64 849 μη]
80 765 209 823 interimi
227 766 373 837 iusserat,
390 781 452 838 quo
468 771 607 838 tempore
621 780 723 838 neque
735 764 912 824 fortitudine
926 765 980 824 ad-

10 852 107 909 ?ersus
131 847 340 921 Mithridaten,
366 861 468 920 neque
491 847 553 905 fide
577 849 608 905 in
632 848 790 907 Romanos
817 848 982 922 quisquam

10 928 126 990 thodiis
148 946 204 1003 par
218 931 287 1003 fuit,
316 931 440 1004 (horum
461 929 554 987 fidem
574 929 829 1007 Mytilenaeorum
850 929 982 1005 perfidia

10 1013 198 1084 aluminavit,
223 1014 274 1087 qui
288 1013 339 1070 Μ’.
355 1011 512 1086 Aquilium
527 1014 667 1087 aliosque
680 1013 844 1073 Mithridati
858 1013 982 1073 vinctos

10 1095 199 1166 radidcrunt,
217 1097 328 1170 quibus
343 1096 466 1156 libertas
486 1096 517 1154 in
539 1095 628 1156 unius
643 1096 838 1171 Theophanis
852 1098 980 1171 gratiam

15 1185 108 1236 ostea
122 1194 140 1236 a
153 1177 300 1253 Pompeio
317 1177 455 1238 restituta
476 1183 536 1250 cst)
551 1195 619 1238 cum
635 1179 888 1241 terribilisltaliae
904 1196 979 1254 quo-

13 1277 55 1318 ne
70 1260 226 1320 videretur
240 1263 409 1336 imminere,
425 1268 508 1321 sorte
523 1263 647 1323 obvenit
655 1262 842 1322 SullaeAsia
856 1265 979 1338 provin-

10 1341 50 1401 ia.
80 1345 110 1402 Is
126 1359 272 1417 egressus
279 1346 431 1405 urbecum
447 1346 641 1406 circaNolam
654 1353 833 1418 moraretur,
849 1347 1007 1422 (quippea

10 1427 121 1485 aurbs
147 1428 391 1500 pertinacissime
417 1445 502 1487 arma
524 1430 675 1489 retinebat
699 1431 899 1504 exercituque
918 1430 981 1487 Ro-

10 1523 83 1566 lano
114 1510 326 1584 obsidebatur,
355 1513 442 1571 velut
466 1512 638 1585 poeniteret
661 1513 728 1569 eius
760 1512 850 1582 fidei,
889 1526 982 1583 quam

10 1594 128 1651 mnium
147 1595 371 1653 sanctissimam
384 1595 467 1651 bello
482 1595 676 1668 praestiterat
693 1592 823 1663 Punico)
835 1592 866 1650 P.
880 1591 981 1666 Sulpi-

10 1671 60 1734 ius
75 1674 215 1734 tribunus
229 1676 329 1748 plebis
339 1675 482 1748 disertus,
497 1676 706 1750 acer,opibus,
715 1676 821 1749 gratia,
831 1674 980 1747 amicitiis

10 1755 102 1832 igore
123 1758 225 1830 ingeni
247 1764 340 1832 atquc
361 1758 452 1816 animi
474 1759 704 1830 celeberrimus
733 1775 799 1818 cum
822 1767 912 1820 antea
931 1775 980 1817 re-

10 1840 131 1900 tissima
144 1843 298 1900 voluntate
313 1840 397 1915 apud
408 1843 556 1916 populum
570 1843 733 1901 maximam
746 1844 922 1917 quaesisset
934 1843 978 1900 di-

10 1926 145 1997 nitatem,
163 1922 251 1998 quasi
267 1923 386 1999 pigeret
402 1940 470 1983 eum
485 1927 628 1985 virtutum
640 1940 765 1985 suarum
782 1926 978 1984 etbenecon-

10 2008 74 2066 nlta
100 2007 129 2065 ei
153 2008 232 2066 male
248 2008 409 2080 cederent,
436 2009 537 2067 subito
563 2024 680 2081 pravus
706 2014 737 2066 et
751 2023 921 2081 praeceps,
948 2007 980 2065 C.

10 2087 88 2149 lario
105 2097 177 2162 post
189 2091 451 2164 septuagesimum
462 2105 575 2146 annum
588 2089 691 2147 omnia
700 2089 828 2160 imperia
839 2097 869 2147 et
881 2087 981 2147 omnis

10 2173 171 2232 rovincias
194 2166 428 2242 concupiscenti
449 2168 567 2227 addixit
586 2169 748 2243 legemque
770 2168 811 2226 ad
832 2169 980 2243 populum

10 2258 72 2327 dit,
91 2271 153 2326 qua
168 2253 272 2310 Sullae
287 2251 447 2324 imperium
468 2251 680 2326 abrogaretur,
693 2251 733 2310 .C.
749 2251 847 2312 Mario
867 2252 981 2311 bellum

10 2341 214 2394 ecerneretur
232 2331 483 2404 Mithridaticum,
514 2335 653 2409 aliasque
678 2337 764 2408 leges
785 2334 980 2409 perniciosas

10 2461 15 2473 ,
33 2416 203 2476 exitiabilis
224 2431 326 2491 neque
346 2418 521 2475 tolerandas
536 2417 650 2477 liberae
673 2419 785 2478 civitati
799 2419 881 2488 tulit;
906 2419 978 2492 quin

10 2494 86 2560 iant
101 2499 135 2570 Q.
150 2498 275 2572 Pompei
291 2499 428 2557 consulis
449 2498 545 2556 filium
560 2499 753 2574 eundemque
767 2500 872 2559 Sullae
887 2517 978 2574 genc-
1055 2532 1061 2544 =

10 2601 55 2642 nn
76 2597 136 2654 per
151 2580 328 2640 emissarios
345 2579 487 2640 factionis
503 2596 578 2639 snae
593 2582 752 2641 interiecit.

75 2664 156 2722 XlX.
201 2663 275 2722 Tum
292 2663 377 2722 Sulla
393 2669 549 2722 contracto
566 2665 702 2723 exercitu
717 2665 755 2722 ad
770 2664 878 2723 urbem
892 2666 1008 2726 rediitl

10 2763 124 2822 umque
150 2745 243 2804 armis
270 2746 448 2818 occupavit,
477 2746 639 2806 duodecim
666 2753 808 2806 auctores
831 2763 980 2808 novarum

10 2832 260 2904 essimarnmque
274 2845 391 2899 rerum,
408 2829 486 2886 inter
501 2845 581 2904 quos
595 2829 723 2888 Manium
741 2846 810 2890 cum
825 2830 887 2891 filio
904 2840 933 2891 et
946 2831 978 2893 P.

10 2913 148 2988 ulpici0,
169 2912 245 2970 urhe
268 2911 441 2970 exturbavit
460 2927 497 2970 ac
512 2914 580 2985 lege
600 2913 661 2970 lata
676 2914 783 2972 exules
805 2914 892 2983 lecit;
910 2913 978 2973 Sul-

10 2992 105 3055 lcium
132 2996 222 3053 etiam
247 2994 386 3053 adsecuti
413 2992 533 3067 equites
554 2995 584 3052 in
598 2995 791 3055 Laurentinis
814 2997 978 3070 paludibus

10 3081 190 3153 tgulavere,
222 3082 376 3151 caputque
402 3078 468 3137 eius
494 3084 629 3137 erectum
654 3085 685 3137 et
714 3086 896 3137 ostentatum
922 3092 978 3149 pro

10 3159 104 3221 ›stris
115 3161 201 3218 velut
218 3174 306 3218 omen
322 3160 504 3219 imminentis
517 3160 754 3233 proscriptionis
768 3159 832 3216 luit.
863 3158 1008 3221 Mariusx

10 3252 62 3305 ost
74 3249 199 3301 sextum
212 3244 405 3301 consulatum
418 3257 592 3316 annumque
604 3240 865 3316 septuagesimum
877 3243 978 3302 nudus

10 3326 116 3386 elimo
135 3325 278 3397 obrutus,
302 3322 399 3384 oculis
416 3324 624 3385 tantummodo
645 3340 682 3383 ac
697 3325 820 3385 naribus
843 3325 976 3384 eminen-

10 3406 80 3482 bnS,
96 3414 253 3467 extractus
266 3407 447 3468 arundineto
461 3407 541 3466 circa
551 3408 696 3483 paludem
702 3407 835 3468 Maricae
843 3407 872 3468 in
887 3426 978 3483 quam

10 3493 167 3567 clugiens
184 3489 390 3550 consectantis
406 3490 510 3549 Sullae
531 3491 649 3565 equites
671 3491 843 3563 abdiderat,
866 3493 977 3551 iniecto

10 3595 12 3629 t
35 3578 161 3639 collum
182 3576 249 3633 loro
271 3573 301 3631 in
324 3589 478 3633 carcerem
492 3573 744 3635 Minturnensium
766 3574 855 3636 iussu
871 3577 976 3634 duum·
