2348 4222
254 398 354 447 sitit).
373 397 510 447 HAASll
526 399 758 450 PRAEFATIO.
985 417 1027 451 vir

21 527 63 577 60.
82 529 170 577 consul
182 528 242 588 fnit,
258 530 289 578 de
302 545 351 591 quo
363 530 414 578 vid.
427 531 502 579 inser.
516 529 592 580 5407.
609 533 636 580 in
651 533 740 580 Inscrr.
754 532 796 580 lat.
811 532 906 581 collect.
920 533 970 582 vol.
984 534 1027 581 lll.

10 609 42 657 ig.
56 593 97 643 69.
110 597 143 644 ib.
156 596 269 643 Henzen.
305 596 370 644 illud
382 598 496 658 gravius,
511 598 579 659 quod
589 599 768 646 Mommsenius
782 601 966 658 animadvertit,
981 599 1026 649 (la-

10 676 36 708 ia
48 661 181 709 oriundum
194 662 274 710 videri
285 660 444 710 historiarum
456 664 601 727 scriptorem
618 664 694 726 idque
705 665 816 726 intellegi
827 667 984 729 potissimum
998 681 1030 713 ex

10 744 28 775 i.
42 728 60 784 l,
75 741 96 774 c.
110 727 134 774 7.
148 728 205 775 coll.
218 729 260 776 lib.
275 729 305 786 ii,
320 742 341 776 c.
355 727 395 786 76,
411 729 424 776 l
438 737 462 776 et
476 728 515 788 16,
531 730 552 778 l.
566 730 590 777 2.
610 731 705 778 accedit
717 731 749 778 de
767 732 821 778 eius
839 731 931 780 familia
942 732 1031 780 titulus

10 795 115 841 lusori.
128 794 159 841 R.
173 793 251 858 Neap.
265 792 339 843 3636.

53 859 90 907 De
103 860 176 907 novis
189 866 272 908 antem
284 861 500 910 emendationibus
514 869 538 908 et
550 862 699 924 quibusdam
711 863 837 911 veteribus
849 863 886 911 sic
897 861 996 912 habeto.

53 923 135 975 lito.
148 925 185 984 Ι,
198 922 230 984 2,
244 923 270 982 3.
289 942 364 975 voces
382 929 430 975 sed
445 928 485 976 hie
503 930 708 992 insequentesque
721 930 856 977 archontes
867 929 1031 976 Mommsenio

10 991 111 1041 alendae
126 995 196 1041 visae
213 1000 272 1040 sunt
286 1001 315 1041 ut
332 1008 346 1040 e
361 994 513 1056 glossemate
529 1004 609 1051 ortae,
630 995 749 1056 quianon
766 996 865 1058 possint
876 1008 951 1043 voces
963 995 1034 1056 opud

10 1058 90 1107 Titteos
102 1060 150 1107 nisi
162 1074 220 1107 cum
230 1060 307 1107 verbo
318 1059 474 1122 usurpabunt
487 1061 612 1122 coniungi.
641 1061 681 1108 bie
694 1061 795 1122 quidem
806 1061 849 1108 illa
860 1062 937 1109 verba
948 1062 1032 1108 minus

10 1124 135 1178 lauduna
154 1125 270 1174 credibile
289 1126 353 1173 enim
370 1133 408 1173 est
419 1126 543 1173 Velleinm
560 1127 602 1174 ubi
619 1126 686 1190 apud
697 1128 793 1175 Atticos
807 1142 862 1175 esse
873 1127 1032 1176 Medontidas

10 1197 69 1238 ctos
87 1192 136 1250 ait,
154 1193 181 1238 iii
197 1190 304 1239 familiae
321 1192 420 1239 nomine
436 1193 553 1240 statuisse
572 1193 699 1254 dignitatis
723 1207 806 1241 messe
829 1193 1031 1257 appellationem.

10 1256 54 1304 lud
78 1271 118 1304 me
141 1258 221 1319 magis
243 1266 339 1316 movet,
365 1258 432 1320 quod
454 1259 510 1322 ipsa
533 1259 610 1306 oratio
634 1257 681 1306 hoc
703 1259 758 1306 loco
782 1273 870 1306 mancii
891 1259 991 1307 videtur
1009 1267 1033 1306 et

10 1336 113 1386 ispensa
131 1331 155 1370 et
169 1330 268 1387 praeter
292 1326 487 1388 expectationem
504 1325 537 1373 ibi
556 1324 687 1383 desinens,
711 1326 754 1374 ubi
778 1339 829 1373 non
853 1326 940 1374 credas
964 1325 1034 1373 aliud

10 1390 125 1450 iidquam
137 1391 186 1438 nisi
199 1389 230 1438 de
242 1391 272 1438 iis
285 1390 443 1439 archontibus
456 1391 505 1439 dici
516 1392 642 1454 potuisse,
667 1392 710 1453 qui
727 1406 784 1438 eum
800 1390 922 1439 honorem
941 1405 991 1439 non
1007 1392 1033 1439 in

10 1462 54 1503 tac
77 1463 176 1520 tempus
199 1464 359 1520 usurparunt.
397 1456 478 1514 Quare
499 1458 614 1520 suspicor
636 1464 715 1505 totum
733 1457 802 1504 illum
820 1458 915 1514 locum,
942 1458 984 1517 qui
1004 1457 1034 1503 de

10 1520 148 1570 rehontibus
162 1530 199 1570 est
211 1537 265 1586 cap.
278 1520 308 1578 8,
323 1521 347 1572 3.
370 1521 429 1570 hinc
441 1537 497 1570 esse
509 1524 624 1570 avulsum
637 1531 661 1570 et
672 1522 732 1570 illue
743 1522 902 1577 translatum;
922 1536 971 1583 quo
989 1536 1033 1584 ge·

10 1602 48 1634 ere
65 1589 167 1659 saepius
186 1603 242 1637 esse
254 1589 344 1636 Velleii
362 1586 439 1636 libros
458 1589 619 1650 depravatos,
637 1588 687 1633 iam
705 1588 764 1634 olim
782 1587 963 1643 demonstravi;
987 1587 1035 1635 hoe

10 1668 73 1702 tmen
84 1652 139 1702 loco
152 1668 204 1701 uon
216 1654 401 1716 neglegentiam
413 1653 499 1700 credas
511 1652 668 1700 librariorum
680 1653 845 1701 accusandam
857 1669 913 1701 esse
925 1654 970 1711 sed
982 1654 1021 1702 lor

10 1734 57 1769 isse
69 1720 183 1768 eiusdem
194 1719 302 1766 hominis
314 1718 440 1766 infelicem
451 1718 611 1776 industriam,
631 1719 673 1780 qui
686 1733 738 1782 cap.
753 1717 781 1778 6,
795 1717 819 1767 6.
839 1721 971 1785 adscripsit
983 1722 1033 1768 Ae-

10 1785 51 1834 iilii
63 1785 143 1835 Surae
155 1786 251 1842 locum;
269 1786 291 1832 is
310 1785 388 1843 enim,
408 1799 457 1846 quo
477 1792 528 1832 erat
546 1784 721 1848 chronologiae
738 1786 836 1844 studio,
856 1786 928 1835 facile
944 1788 1033 1850 potnit,
1090 1842 1095 1850 ·

10 1858 170 1915 ttemporum
182 1858 292 1900 servaret
304 1852 424 1910 ordinem,
437 1866 594 1915 corrumpere
607 1853 725 1900 orationis
739 1852 933 1911 cohaerentiam3
947 1868 1033 1915 quarn-

10 1930 65 1967 uam
82 1926 222 1983 temporum
240 1932 340 1980 quoquc
357 1918 469 1966 ordinem
484 1919 540 1981 ipse
552 1917 663 1967 Vellcius
681 1920 703 1967 si
722 1932 822 1967 servare
838 1920 865 1967 in
881 1920 929 1966 hae
945 1935 972 1967 re
990 1933 1033 1966 vo-

10 1985 92 2043 iisset,
116 1984 185 2033 hand
208 1984 283 2032 dubie
306 1997 357 2031 non
381 1990 438 2031 ante
461 1987 506 2032 sed
529 1991 587 2047 post
610 1986 713 2033 Romam
738 1985 862 2033 conditam
885 1985 1034 2033 decennales

10 2049 123 2099 ichontes
144 2057 380 2099 commemoraturus
399 2050 458 2107 l'uit3
482 2050 643 2112 interpolator
656 2064 714 2097 vero
727 2065 784 2097 cum
795 2052 829 2098 ibi
842 2051 1001 2098 commodum
1014 2051 1036 2097 ci

10 2114 122 2165 alueum
140 2131 190 2165 non
207 2116 340 2179 reperiret,
359 2115 417 2162 fecit
430 2116 498 2174 quod
515 2115 609 2175 potnit,
627 2122 655 2161 ut
667 2111 781 2174 riegleeto
795 2122 819 2160 et
830 2115 920 2162 Velleii
933 2115 1037 2163 consilio

10 2196 15 2230 t
39 2184 133 2245 exiguo
156 2183 277 2245 temporis
301 2180 444 2227 discrimiii‘e
467 2179 575 2238 aliquam
599 2187 665 2225 certe
689 2191 774 2225 curam
795 2178 970 2241 chronologiae
992 2182 1036 2227 ail-

10 2248 97 2299 lberet.
123 2249 152 2294 ll.

58 2312 92 2369 3.
112 2309 140 2366 2.
166 2309 239 2369 Quod
253 2325 305 2357 cuin
323 2309 368 2356 uiti
379 2308 491 2369 faciant,
516 2311 609 2370 tropici
621 2310 824 2374 frequentissime
839 2307 952 2374 saciant]
979 2310 1039 2360 Turn

10 2378 155 2435 articulum,
175 2389 248 2438 quani
265 2376 372 2423 Kritzins
389 2376 414 2422 iii
433 2376 509 2422 altero
527 2377 665 2423 sentcntiae
677 2380 786 2426 membro
800 2378 955 2426 adiciendam
971 2378 1036 2425 indi-

10 2447 70 2503 ivit‚
87 2458 137 2491 non
151 2443 315 2490 necessariam
328 2456 396 2499 esse,
411 2457 461 2489 non
473 2448 586 2504 poteram
598 2449 663 2499 tum,
684 2458 740 2490 cum
752 2445 806 2492 cius
820 2444 935 2493 editionis
948 2457 1037 2492 censa·

10 2524 45 2559 orn
56 2511 205 2565 scribebam,
220 2508 340 2571 exemplis
352 2509 470 2570 probare;
484 2522 551 2555 nunc
562 2506 624 2554 liaeo
635 2508 751 2556 sulficere
761 2510 890 2558 videntur:
905 2510 963 2559 Seii.
977 2525 1036 2558 con-

10 2590 57 2627 rsv.
71 2578 92 2624 l.
111 2575 191 2639 praef.
204 2574 220 2633 ἕ
232 2574 257 2621 2.
287 2574 342 2621 Sed
358 2589 412 2621 oum
428 2577 504 2621 inulta
514 2575 563 2621 iam
574 2574 633 2621 milii
643 2589 678 2623 ece
689 2589 726 2622 me
740 2576 912 2624 desideranda
923 2584 1039 2624 senectus

10 2644 89 2693 buerit
99 2666 133 2676 m
144 2644 212 2688 inter
224 2655 255 2688 eu
268 2655 331 2704 quae
349 2642 426 2687 retuli
440 2643 559 2688 memoria
570 2645 617 2688 est.
642 2640 700 2689 Seii.
717 2641 748 2687 de
760 2641 850 2689 bencff.
867 2643 885 2699 i,
900 2640 923 2698 1,
937 2642 961 2687 4.
987 2643 1040 2690 Sed

10 2712 49 2757 iun
58 2712 93 2758 ait
105 2711 130 2756 in
142 2709 204 2770 ipsis
217 2711 308 2754 minian
321 2709 364 2769 qui
374 2721 405 2753 ne
417 2707 574 2767 confessione
587 2708 684 2769 quidem
694 2709 766 2768 qruti
775 2713 845 2764 sunt,
859 2710 885 2754 in
897 2707 968 2755 nobie
981 2723 1039 2771 quo·

10 2790 45 2839 pne
60 2780 108 2824 est.
134 2774 190 2822 dial.
204 2774 228 2830 Ι,
242 2773 270 2830 4,
287 2770 326 2819 10.
353 2772 409 2820 Cum
427 2777 522 2829 onznia,
542 2787 605 2835 quae
618 2779 783 2823 excesserunt
794 2776 902 2831 moduni,
923 2780 1037 2831 noceant,

10 2843 206 2891 intinctosissiinu
219 2839 352 2900 felicitatis
368 2841 562 2900 intemperantia
578 2845 624 2886 est.
650 2840 707 2887 ilial.
720 2840 770 2897 XI,
787 2839 830 2896 12,
844 2840 869 2887 t.
887 2855 959 2888 unani
976 2841 1040 2889 dune

10 2911 140 2971 numanae
152 2908 252 2960 videor,
272 2919 342 2966 quent
354 2903 463 2951 omnibus
474 2907 576 2952 amicum
587 2905 680 2953 habere
692 2921 745 2955 cuni
757 2907 892 2968 expediat,
911 2909 990 2970 maqis
1002 2913 1040 2954 tu-

10 2986 53 3021 tien
67 2976 142 3022 etiam
159 2972 226 3020 tibet.
251 2970 307 3016 Tac.
321 2969 387 3014 Anii.
401 2970 449 3025 iv,
464 2968 505 3017 34.
528 2986 630 3033 quorum
646 2986 689 3018 res
699 2978 785 3033 qestas
798 2988 851 3019 eum
859 2976 965 3034 plurimi
976 2987 1040 3020 coin-

10 3044 141 3096 rosuerint,
155 3053 225 3086 nemo
237 3039 291 3085 sine
303 3035 397 3082 bonore
410 3038 560 3096 memorauit.
583 3036 613 3083 H.

10 3091 12 3101 Ι
66 3100 140 3163 821·
165 3108 321 3165 octingentos
338 3095 400 3162 tris]
423 3100 497 3146 Vetat
513 3101 546 3148 M.
565 3103 655 3149 mutari
672 3117 816 3158 numerum,
841 3103 884 3161 qui
902 3107 940 3148 est
956 3101 980 3148 in
1000 3102 1040 3150 ed.

10 3172 77 3235 princ.
89 3170 268 3221 Doccxxiii.
280 3168 338 3228 quia
350 3167 371 3213 si
383 3164 520 3212 adiciantur
532 3167 591 3213 anni
604 3167 796 3223 ccccxxvii,
811 3180 874 3227 quos
886 3168 971 3229 posuit
985 3167 1040 3218 cie-

10 3250 71 3287 nens
80 3237 276 3292 Alexandrinus,
290 3233 338 3297 ipsi
350 3232 385 3278 illi
397 3230 561 3279 conficiuntur
573 3233 631 3278 aiiiii
643 3231 737 3290 Moci,
751 3246 815 3294 quos
828 3233 917 3281 deinde
929 3233 1042 3283 Velleius

10 3311 129 3427 mmihah
154 3375 182 3417 ut
189 3371 336 3431 plerumque
348 3366 466 3426 superior
480 3362 624 3411 Gentium
636 3379 795 3430 nequamque
806 3371 906 3428 portent
919 3367 1042 3416 Gnaeum

10 3436 183 3487 btooietateni
194 3450 264 3482 suani
275 3432 436 3494 perduceret.
461 3430 526 3489 conj.
539 3429 572 3477 M.

64 3502 97 3562 9,
113 3498 138 3557 6.
163 3511 200 3550 uet
217 3501 288 3548 nodo
304 3499 437 3560 pecuniae,
463 3499 506 3559 qai
521 3495 558 3543 bis
573 3499 650 3544 milies
666 3500 761 3546 centies
784 3501 887 3548 aerario
910 3499 1043 3548 contulerit
