2422 4200
159 368 164 376 '
248 388 461 449 msronmu
481 389 673 451 aonnnnu
693 392 732 466 n,
754 401 779 455 a
796 401 823 454 o.
986 393 1028 458 19

10 586 18 627 p
40 544 196 620 Opimius,
218 559 315 617 aquo
332 544 459 603 consule
475 543 706 602 celeberrimum
721 543 872 616 Opimiani
890 543 955 605 vini
971 562 1024 607 no-

10 628 20 680 t
36 643 126 697 men;
144 628 227 701 quod
243 627 303 686 iarn
314 629 429 686 nullum
442 642 513 686 esse
524 627 624 701 spatio
637 643 786 686 annorum
800 628 900 702 colligi
912 636 1025 706 potest,

10 681 109 770 *cum
126 710 164 771 ab
180 727 218 770 eo
234 711 295 770 sint
310 711 348 770 ad
369 717 413 783 te,
435 710 476 768 M.
491 710 607 782 Vinici,
631 713 790 770 consulem
811 711 883 769 anni
904 721 1025 773 centum

58 795 270 869 uinquaginta.
306 794 431 854 Factum
449 792 564 866 Opimi,
592 795 675 868 quod
691 793 914 853 inimicitiarum
931 805 1056 869 quae-4

39 879 97 953 ¹ita
112 885 178 937 erat
192 878 283 951 ultio,
305 878 405 937 minor
421 882 527 936 secuta
541 879 721 950 auctoritas,
748 883 777 935 et
792 877 859 936 visa
874 879 948 937 ultio
964 879 1024 953 pri-

30 968 110 1041 jvato
125 961 197 1020 odio
212 961 310 1034 magis
323 977 415 1033 quarn
432 959 573 1034 publicae
584 961 738 1021 vindictae
750 961 830 1021 data.
854 962 889 1019 In
904 962 1024 1035 legibus
1040 972 1057 1024 5
1170 971 1174 976 '

27 1044 170 1109 'Gracchi
192 1043 269 1103 inter
290 1043 555 1120 perniciosissima
575 1044 813 1118 numeraverim,
840 1045 924 1120 quod
940 1054 1026 1106 extra

23 1126 155 1189 'Italiam
176 1125 316 1186 colonias
338 1127 450 1202 posuit.
478 1127 514 1185 Id
528 1126 677 1202 maiores,
701 1144 770 1187 cum
784 1129 924 1187 viderent
940 1135 1024 1190 tanto

38 1212 242 1286 potentiorem
257 1210 339 1287 Tyro
355 1210 580 1285 Carthaginem,
601 1211 770 1271 Massiliam
783 1211 940 1283 Phocaea,
965 1212 1024 1290 Sy-

10 1348 12 1378 ,
37 1310 167 1354 racusas
181 1294 340 1368 Corinth0,
357 1294 502 1372 Cyzicum
516 1310 553 1355 ac
567 1294 751 1372 Byzantium
764 1294 883 1366 Mileto,
900 1296 1025 1369 genitali

39 1378 124 1451 solo,
141 1377 303 1452 diligenter
319 1378 505 1450 vitaverant,
526 1385 560 1437 ut
574 1379 651 1438 civis
665 1379 823 1439 Romanos
840 1379 879 1437 ad
896 1393 1024 1438 censen-

32 1460 111 1520 -dum
127 1477 166 1520 ex
180 1462 350 1535 provinciis
371 1462 402 1519 in
417 1462 533 1520 Italiam
553 1462 776 1521 revocaverint.
810 1461 910 1520 Prima
925 1470 1057 1522 autemti

33 1542 126 1604 ''extra
141 1545 258 1604 ltaliam
271 1544 393 1605 colonia
410 1544 558 1617 Carthago
576 1545 698 1602 condita
714 1550 778 1611 est;
805 1543 936 1600 subinde
952 1544 1024 1603 Por-

38 1627 87 1687 'oio
99 1627 280 1701 Marcioque
294 1627 474 1686 consulibus
490 1627 623 1685 deducta
638 1626 760 1685 colonia
774 1626 875 1686 Narbo
887 1625 1024 1688 Martius.

123 1710 204 1768 VIII.
233 1710 395 1770 Mandetur
410 1709 522 1768 deinde
543 1709 708 1769 memoriae
730 1710 878 1769 severitas
898 1710 1056 1772 iudicio-1

10 1821 13 1861 ;
38 1810 121 1854 rum=
146 1794 261 1868 quippe
277 1793 307 1853 C.
325 1793 397 1853 Cato
415 1794 601 1865 consularis,
618 1791 658 1851 Μ.
675 1793 798 1853 Catonis
813 1809 928 1867 cepoe,
944 1795 1024 1853 Atri-

41 1878 107 1936 cani
123 1879 240 1937 sororis
255 1878 346 1950 filius,
362 1878 600 1951 repetundarum
616 1893 655 1936 ex
665 1875 849 1938 Macedonia
862 1879 1024 1938 damnatus

10 1995 19 2037 y
40 1967 101 2034 est,
118 1977 187 2020 cum
202 1961 240 2020 lis
256 1963 321 2021 eius
333 1961 394 2020 HS.
408 1968 550 2035 quattuor
563 1961 685 2020 milibus
702 1962 928 2020 aestimaretur:
945 1962 1024 2020 adeo

10 2062 17 2072 ·
39 2042 81 2102 illi
94 2045 151 2103 viri
166 2045 264 2118 magis
278 2046 466 2106 voluntatem
479 2044 630 2117 peccandi
645 2044 839 2102 intuebantur
854 2060 945 2114 quarn
959 2060 1024 2102 mo-

10 2125 111 2200 ndum
137 2129 281 2201 laetaque
302 2128 342 2186 ad
363 2127 525 2184 consilium
547 2124 719 2196 dirigebant
741 2134 770 2183 et
792 2125 882 2197 quid,
907 2141 969 2182 non
994 2125 1026 2183 in

35 2217 186 2284 'quantum
201 2211 373 2268 admissum
385 2208 472 2278 foret,
488 2205 699 2265 aestimabant.
728 2206 815 2265 Circa
827 2206 935 2264 eadem
950 2214 1023 2266 tem·
1039 2217 1057 2269 2

38 2306 119 2365 pora
140 2293 201 2350 duc
222 2290 335 2349 Metelli
357 2291 466 2349 iratres
486 2307 548 2350 uno
572 2289 622 2348 die
646 2291 919 2365 triumphaverunt.
957 2292 1024 2352 Non

38 2375 141 2432 minus
164 2375 277 2432 clarum
298 2374 473 2447 exemplum
495 2381 525 2433 et
549 2373 649 2433 adhuc
674 2375 798 2434 unicum
815 2374 902 2435 Fulvi
923 2375 1025 2435 Flacci

11 2456 106 2534 seius
127 2457 178 2530 qui
195 2456 331 2530 Capuam
352 2464 492 2530 ceperat,
515 2456 661 2529 filiorum,
691 2459 748 2518 sed
770 2458 893 2518 alterius
915 2458 946 2518 in
971 2461 1025 2518 ad-

36 2540 196 2615 optionem
213 2541 290 2613 dati,
315 2541 346 2598 in
362 2539 492 2612 collegio
510 2540 689 2599 consulatus
711 2541 781 2608 luit;
808 2543 973 2614 adoptivus
994 2544 1025 2601 in

38 2620 161 2684 ¹Acidini
175 2623 269 2683 Manli
291 2624 435 2683 familiam
457 2623 556 2683 datus.
585 2623 660 2681 Nam
684 2638 816 2683 censura
834 2623 1026 2684 Metellorum

36 2709 237 2781 patruelium,
265 2723 326 2767 non
347 2723 564 2781 germanorum
589 2708 714 2765 fratrum
738 2708 809 2778 luit,
839 2707 924 2781 quod
950 2708 1025 2767 solis

10 2826 15 2865 ;
42 2793 210 2866 contigerat
225 2791 432 2866 Scipionibus
464 2791 539 2849 Tum
555 2790 666 2850 Cimbri
680 2797 710 2850 et
724 2791 852 2850 Teutoni
867 2797 1024 2851 transcen·
1040 2797 1058 2851 3

10 2940 14 2948 ,
34 2872 113 2934 'dere
127 2875 284 2948 Rhenum,
300 2875 403 2934 multis
419 2890 492 2933 mox
505 2875 619 2948 nostris
636 2873 765 2949 sulsque
781 2875 920 2935 cladibus
938 2877 1025 2936 nobi-

11 2991 18 2999 ·
35 2954 94 3018 les.
119 2959 178 3019 Per
192 2960 301 3018 eadem
316 2967 456 3033 tempora
471 2960 572 3018 clarus
588 2960 653 3018 eius
668 2959 792 3032 Minuci,
810 2960 862 3032 qui
877 2962 1025 3034 porticus

10 3075 16 3087 ·
42 3056 119 3114 quae
133 3042 290 3118 hodieque
306 3043 444 3102 celebres
461 3049 546 3116 sunt,
569 3043 692 3102 molitus
709 3051 770 3113 est,
794 3059 833 3122 err
851 3041 1025 3101 Scordiscis

40 3125 209 3199 triumphus
228 3128 292 3186 tuit.

38 3214 41 3219 '
122 3210 172 3269 IX.
201 3209 319 3268 Eodem
333 3215 432 3268 tractu
446 3216 620 3281 temporum
634 3205 788 3265 nituerunt
804 3211 943 3264 oratores
960 3203 1024 3264 Sci·
1042 3207 1056 3259 1

23 3292 94 3367 -pio
114 3293 303 3352 Aemilianus
331 3291 532 3362 Laeliusque,
563 3288 628 3347 Ser.
657 3289 767 3361 Galba,
798 3289 858 3347 duo
887 3289 1024 3360 Gracchi,
1096 3346 1100 3352 .

39 3374 68 3435 C.
83 3376 234 3450 Fannius,
257 3376 356 3435 Carbo
371 3375 529 3448 Papirius;
551 3388 608 3431 nec
624 3374 868 3447 praetereundus
883 3373 1024 3433 Metellus

35 3452 215 3521 Numidicus
231 3467 260 3519 et
273 3459 419 3531 Scaurus,
436 3465 465 3516 et
479 3463 549 3516 ante
564 3459 664 3516 omnis
676 3457 708 3515 L.
723 3457 854 3516 Crassus
870 3465 900 3515 et
910 3457 950 3514 M.
962 3458 1024 3514 An-

10 3590 13 3603 .
35 3543 155 3617 toniuS,
180 3559 310 3617 quorum
332 3543 424 3602 aetati
446 3539 640 3615 ingeniisque
663 3557 847 3600 successere
864 3541 894 3599 C.
913 3541 1026 3599 Caesar

10 3610 15 3683 ἕ
37 3625 163 3700 Strabo,
185 3626 216 3684 P.
234 3625 407 3700 Sulpicius3
428 3642 499 3684 nam
514 3624 547 3697 Q.
560 3624 680 3684 Mucius
696 3625 770 3684 iuris
787 3624 917 3682 seientia
934 3637 1024 3696 quarn

816 3706 855 3764 2*
