<?xml version="1.0" encoding="UTF-8"?>
<!DOCTYPE html PUBLIC "-//W3C//DTD XHTML 1.0 Transitional//EN"
    "http://www.w3.org/TR/xhtml1/DTD/xhtml1-transitional.dtd">
<html xmlns="http://www.w3.org/1999/xhtml" xml:lang="en" lang="en">
 <head>
  <title>
</title>
<meta http-equiv="Content-Type" content="text/html;charset=utf-8" />
  <meta name='ocr-system' content='tesseract 3.04.00' />
  <meta name='ocr-capabilities' content='ocr_page ocr_carea ocr_par ocr_line ocrx_word'/>
</head>
<body>
  <div class='ocr_page' id='page_1' title='image "./mvelleipatercul00haasgoog/mvelleipatercul00haasgoog_0086.png"; bbox 0 0 2422 4200; ppageno 0'>
   <div class='ocr_carea' id='block_1_1' title="bbox 222 367 1027 443">
    <p class='ocr_par' dir='ltr' id='par_1_1' title="bbox 222 367 1027 443">
     <span class='ocr_line' id='line_1_1' title="bbox 222 367 1027 443; baseline 0.009 -15"><span class='ocrx_word' id='word_1_1' title='bbox 222 367 432 430; x_wconf 81' lang='lat' dir='ltr'>HISTORIAE</span> <span class='ocrx_word' id='word_1_2' title='bbox 453 368 647 432; x_wconf 82' lang='lat' dir='ltr'><strong>ROMANAE</strong></span> <span class='ocrx_word' id='word_1_3' title='bbox 668 370 710 443; x_wconf 92' lang='lat' dir='ltr'>II,</span> <span class='ocrx_word' id='word_1_4' title='bbox 731 378 775 435; x_wconf 85' lang='grc'>86</span> <span class='ocrx_word' id='word_1_5' title='bbox 791 380 836 436; x_wconf 88' lang='grc'>87</span> <span class='ocrx_word' id='word_1_6' title='bbox 985 371 1027 435; x_wconf 85' lang='grc'>67</span> 
     </span>
    </p>
   </div>
   <div class='ocr_carea' id='block_1_2' title="bbox 10 500 1056 603">
    <p class='ocr_par' dir='ltr' id='par_1_2' title="bbox 10 500 1056 603">
     <span class='ocr_line' id='line_1_2' title="bbox 10 500 1056 603; baseline 0.003 -22.079"><span class='ocrx_word' id='word_1_7' title='bbox 10 500 111 603; x_wconf 67' lang='lat' dir='ltr'>¹{eius</span> <span class='ocrx_word' id='word_1_8' title='bbox 127 519 282 579; x_wconf 83' lang='lat' dir='ltr'>arbitrium</span> <span class='ocrx_word' id='word_1_9' title='bbox 298 520 408 580; x_wconf 90' lang='lat' dir='ltr'>direxit</span> <span class='ocrx_word' id='word_1_10' title='bbox 422 520 534 594; x_wconf 81' lang='lat' dir='ltr'>lugam.</span> <span class='ocrx_word' id='word_1_11' title='bbox 568 520 652 579; x_wconf 89' lang='lat' dir='ltr'>Idem</span> <span class='ocrx_word' id='word_1_12' title='bbox 672 520 820 580; x_wconf 91' lang='lat' dir='ltr'>locatus</span> <span class='ocrx_word' id='word_1_13' title='bbox 812 539 843 580; x_wconf 90' lang='lat' dir='ltr'>1n</span> <span class='ocrx_word' id='word_1_14' title='bbox 858 530 939 583; x_wconf 87' lang='lat' dir='ltr'>terra</span> <span class='ocrx_word' id='word_1_15' title='bbox 954 525 1026 584; x_wconf 81' lang='lat' dir='ltr'>feeit</span> <span class='ocrx_word' id='word_1_16' title='bbox 1040 533 1056 583; x_wconf 87' lang='lat'>5</span> 
     </span>
    </p>
   </div>
   <div class='ocr_carea' id='block_1_3' title="bbox 10 601 1054 953">
    <p class='ocr_par' dir='ltr' id='par_1_3' title="bbox 10 601 1054 953">
     <span class='ocr_line' id='line_1_3' title="bbox 10 601 1023 747; baseline 0.004 -84"><span class='ocrx_word' id='word_1_17' title='bbox 10 592 218 747; x_wconf 47' lang='lat' dir='ltr'>pixercituS,</span> <span class='ocrx_word' id='word_1_18' title='bbox 235 619 304 663; x_wconf 88' lang='lat' dir='ltr'>cum</span> <span class='ocrx_word' id='word_1_19' title='bbox 325 619 360 663; x_wconf 90' lang='lat' dir='ltr'>se</span> <span class='ocrx_word' id='word_1_20' title='bbox 376 603 520 664; x_wconf 82' lang='lat' dir='ltr'>Canidius</span> <span class='ocrx_word' id='word_1_21' title='bbox 541 601 701 678; x_wconf 79' lang='lat' dir='ltr'>praecipiti</span> <span class='ocrx_word' id='word_1_22' title='bbox 722 605 795 678; x_wconf 83' lang='lat' dir='ltr'>iuga</span> <span class='ocrx_word' id='word_1_23' title='bbox 815 607 969 680; x_wconf 79' lang='lat' dir='ltr'>rapuisset</span> <span class='ocrx_word' id='word_1_24' title='bbox 957 609 1023 667; x_wconf 93' lang='lat' dir='ltr'>tad</span> 
     </span>
     <span class='ocr_line' id='line_1_4' title="bbox 10 687 1054 883; baseline 0.007 -55"><span class='ocrx_word' id='word_1_25' title='bbox 10 718 25 883; x_wconf 55' lang='grc' dir='ltr'>Ξ</span> <span class='ocrx_word' id='word_1_26' title='bbox 71 687 284 831; x_wconf 59' lang='lat' dir='ltr'>moffiniivi</span> <span class='ocrx_word' id='word_1_27' title='bbox 315 768 395 843; x_wconf 78' lang='lat' dir='ltr'>Quid</span> <span class='ocrx_word' id='word_1_28' title='bbox 415 770 466 829; x_wconf 91' lang='lat' dir='ltr'>ilie</span> <span class='ocrx_word' id='word_1_29' title='bbox 485 769 553 830; x_wconf 93' lang='lat' dir='ltr'>dies</span> <span class='ocrx_word' id='word_1_30' title='bbox 576 777 726 831; x_wconf 89' lang='lat' dir='ltr'>terrarum</span> <span class='ocrx_word' id='word_1_31' title='bbox 741 771 808 831; x_wconf 94' lang='lat' dir='ltr'>orbi</span> <span class='ocrx_word' id='word_1_32' title='bbox 829 775 1021 847; x_wconf 74' lang='lat' dir='ltr'>praestiterit,</span> <span class='ocrx_word' id='word_1_33' title='bbox 1039 784 1054 834; x_wconf 91' lang='lat' dir='ltr'>l</span> 
     </span>
     <span class='ocr_line' id='line_1_5' title="bbox 16 852 1022 953; baseline 0.006 -39"><span class='ocrx_word' id='word_1_34' title='bbox 16 852 80 953; x_wconf 53' lang='lat' dir='ltr'>{ex</span> <span class='ocrx_word' id='word_1_35' title='bbox 97 852 203 929; x_wconf 90' lang='lat' dir='ltr'>quoin</span> <span class='ocrx_word' id='word_1_36' title='bbox 221 868 312 927; x_wconf 90' lang='lat' dir='ltr'>quem</span> <span class='ocrx_word' id='word_1_37' title='bbox 327 860 438 912; x_wconf 86' lang='lat' dir='ltr'>statum</span> <span class='ocrx_word' id='word_1_38' title='bbox 458 855 629 927; x_wconf 90' lang='lat' dir='ltr'>pervenerit</span> <span class='ocrx_word' id='word_1_39' title='bbox 651 855 773 914; x_wconf 80' lang='lat' dir='ltr'>fortuna</span> <span class='ocrx_word' id='word_1_40' title='bbox 792 856 930 930; x_wconf 89' lang='lat' dir='ltr'>publiea,</span> <span class='ocrx_word' id='word_1_41' title='bbox 953 860 1022 933; x_wconf 91' lang='lat' dir='ltr'>quis</span> 
     </span>
    </p>
   </div>
   <div class='ocr_carea' id='block_1_4' title="bbox 40 1021 1162 1099">
    <p class='ocr_par' dir='ltr' id='par_1_4' title="bbox 40 1021 1162 1099">
     <span class='ocr_line' id='line_1_6' title="bbox 40 1021 1162 1099; baseline -0.004 -17"><span class='ocrx_word' id='word_1_42' title='bbox 40 1021 178 1082; x_wconf 88' lang='lat' dir='ltr'>Victoria</span> <span class='ocrx_word' id='word_1_43' title='bbox 186 1037 259 1081; x_wconf 86' lang='lat' dir='ltr'>vero</span> <span class='ocrx_word' id='word_1_44' title='bbox 273 1021 328 1080; x_wconf 85' lang='lat' dir='ltr'>luit</span> <span class='ocrx_word' id='word_1_45' title='bbox 335 1021 571 1081; x_wconf 87' lang='lat' dir='ltr'>clementissima</span> <span class='ocrx_word' id='word_1_46' title='bbox 581 1037 640 1081; x_wconf 88' lang='lat' dir='ltr'>nec</span> <span class='ocrx_word' id='word_1_47' title='bbox 649 1022 813 1096; x_wconf 86' lang='lat' dir='ltr'>quisquam</span> <span class='ocrx_word' id='word_1_48' title='bbox 824 1023 1022 1099; x_wconf 90' lang='lat' dir='ltr'>interemptus</span> <span class='ocrx_word' id='word_1_49' title='bbox 1037 1032 1054 1082; x_wconf 73' lang='lat' dir='ltr'>a</span> <span class='ocrx_word' id='word_1_50' title='bbox 1157 1070 1162 1077; x_wconf 89' lang='lat'>.</span> 
     </span>
    </p>
   </div>
   <div class='ocr_carea' id='block_1_5' title="bbox 10 937 1023 1199">
    <p class='ocr_par' dir='ltr' id='par_1_5' title="bbox 10 937 1023 1199">
     <span class='ocr_line' id='line_1_7' title="bbox 10 937 1023 1199; baseline 0.001 -201"><span class='ocrx_word' id='word_1_51' title='bbox 10 938 71 1199; x_wconf 60' lang='lat' dir='ltr'>{in</span> <span class='ocrx_word' id='word_1_52' title='bbox 92 937 153 997; x_wconf 93' lang='lat' dir='ltr'>hoc</span> <span class='ocrx_word' id='word_1_53' title='bbox 172 945 353 997; x_wconf 87' lang='lat' dir='ltr'>transcursu</span> <span class='ocrx_word' id='word_1_54' title='bbox 375 943 436 996; x_wconf 89' lang='lat' dir='ltr'>tam</span> <span class='ocrx_word' id='word_1_55' title='bbox 457 938 545 1010; x_wconf 85' lang='lat' dir='ltr'>artati</span> <span class='ocrx_word' id='word_1_56' title='bbox 568 937 672 1013; x_wconf 91' lang='lat' dir='ltr'>operis</span> <span class='ocrx_word' id='word_1_57' title='bbox 694 939 866 1014; x_wconf 83' lang='lat' dir='ltr'>exprimere</span> <span class='ocrx_word' id='word_1_58' title='bbox 891 941 1023 1002; x_wconf 68' lang='lat' dir='ltr'>audeat?</span> 
     </span>
    </p>
   </div>
   <div class='ocr_carea' id='block_1_6' title="bbox 10 1103 1086 3520">
    <p class='ocr_par' dir='ltr' id='par_1_6' title="bbox 10 1103 1086 3520">
     <span class='ocr_line' id='line_1_8' title="bbox 41 1103 1022 1182; baseline 0.002 -18"><span class='ocrx_word' id='word_1_59' title='bbox 41 1103 103 1164; x_wconf 91' lang='lat' dir='ltr'>uisi</span> <span class='ocrx_word' id='word_1_60' title='bbox 115 1104 295 1181; x_wconf 84' lang='lat' dir='ltr'>paucissimi</span> <span class='ocrx_word' id='word_1_61' title='bbox 310 1103 400 1176; x_wconf 89' lang='lat' dir='ltr'>ethi,</span> <span class='ocrx_word' id='word_1_62' title='bbox 423 1106 475 1178; x_wconf 91' lang='lat' dir='ltr'>qui</span> <span class='ocrx_word' id='word_1_63' title='bbox 497 1103 658 1180; x_wconf 88' lang='lat' dir='ltr'>deprecari</span> <span class='ocrx_word' id='word_1_64' title='bbox 679 1106 801 1180; x_wconf 92' lang='lat' dir='ltr'>quidem</span> <span class='ocrx_word' id='word_1_65' title='bbox 823 1123 881 1182; x_wconf 92' lang='lat' dir='ltr'>pro</span> <span class='ocrx_word' id='word_1_66' title='bbox 904 1123 939 1167; x_wconf 92' lang='lat' dir='ltr'>se</span> <span class='ocrx_word' id='word_1_67' title='bbox 959 1124 1022 1168; x_wconf 92' lang='lat' dir='ltr'>non</span> 
     </span>
     <span class='ocr_line' id='line_1_9' title="bbox 40 1187 1021 1265; baseline 0.002 -16"><span class='ocrx_word' id='word_1_68' title='bbox 40 1189 236 1249; x_wconf 71' lang='lat' dir='ltr'>sustinerent.</span> <span class='ocrx_word' id='word_1_69' title='bbox 268 1189 316 1249; x_wconf 75' lang='lat' dir='ltr'>iix</span> <span class='ocrx_word' id='word_1_70' title='bbox 331 1203 392 1262; x_wconf 88' lang='lat' dir='ltr'>qua</span> <span class='ocrx_word' id='word_1_71' title='bbox 412 1188 534 1248; x_wconf 89' lang='lat' dir='ltr'>ienitate</span> <span class='ocrx_word' id='word_1_72' title='bbox 556 1187 644 1249; x_wconf 86' lang='lat' dir='ltr'>ducis</span> <span class='ocrx_word' id='word_1_73' title='bbox 666 1189 768 1263; x_wconf 82' lang='lat' dir='ltr'>colligi</span> <span class='ocrx_word' id='word_1_74' title='bbox 789 1189 902 1264; x_wconf 88' lang='lat' dir='ltr'>potuit,</span> <span class='ocrx_word' id='word_1_75' title='bbox 929 1207 1021 1265; x_wconf 90' lang='lat' dir='ltr'>quern</span> 
     </span>
     <span class='ocr_line' id='line_1_10' title="bbox 14 1272 1020 1350; baseline -0.002 -15"><span class='ocrx_word' id='word_1_76' title='bbox 14 1280 94 1335; x_wconf 87' lang='lat' dir='ltr'>..aut</span> <span class='ocrx_word' id='word_1_77' title='bbox 108 1272 192 1333; x_wconf 89' lang='lat' dir='ltr'>initio</span> <span class='ocrx_word' id='word_1_78' title='bbox 208 1272 413 1332; x_wconf 88' lang='lat' dir='ltr'>triumviratus</span> <span class='ocrx_word' id='word_1_79' title='bbox 431 1273 479 1331; x_wconf 92' lang='lat' dir='ltr'>sui</span> <span class='ocrx_word' id='word_1_80' title='bbox 495 1273 589 1332; x_wconf 89' lang='lat' dir='ltr'>autin</span> <span class='ocrx_word' id='word_1_81' title='bbox 605 1273 722 1346; x_wconf 89' lang='lat' dir='ltr'>campis</span> <span class='ocrx_word' id='word_1_82' title='bbox 736 1273 912 1350; x_wconf 79' lang='lat' dir='ltr'>Philippiis,</span> <span class='ocrx_word' id='word_1_83' title='bbox 934 1275 961 1333; x_wconf 90' lang='lat' dir='ltr'>si</span> <span class='ocrx_word' id='word_1_84' title='bbox 976 1275 1020 1334; x_wconf 88' lang='lat' dir='ltr'>sic</span> 
     </span>
     <span class='ocr_line' id='line_1_11' title="bbox 38 1356 1051 1431; baseline 0.003 -18"><span class='ocrx_word' id='word_1_85' title='bbox 38 1356 193 1431; x_wconf 77' lang='lat' dir='ltr'>licuisset,</span> <span class='ocrx_word' id='word_1_86' title='bbox 214 1356 360 1416; x_wconf 87' lang='lat' dir='ltr'>victoriae</span> <span class='ocrx_word' id='word_1_87' title='bbox 382 1371 458 1416; x_wconf 90' lang='lat' dir='ltr'>suae</span> <span class='ocrx_word' id='word_1_88' title='bbox 479 1357 616 1416; x_wconf 85' lang='lat' dir='ltr'>lauturus</span> <span class='ocrx_word' id='word_1_89' title='bbox 637 1357 728 1416; x_wconf 85' lang='lat' dir='ltr'>luerit</span> <span class='ocrx_word' id='word_1_90' title='bbox 741 1359 876 1417; x_wconf 91' lang='lat' dir='ltr'>modum.</span> <span class='ocrx_word' id='word_1_91' title='bbox 909 1359 950 1416; x_wconf 89' lang='lat' dir='ltr'>At</span> <span class='ocrx_word' id='word_1_92' title='bbox 965 1357 1051 1417; x_wconf 77' lang='grc'>803</span> 
     </span>
     <span class='ocr_line' id='line_1_12' title="bbox 10 1438 1076 1514; baseline -0.002 -14"><span class='ocrx_word' id='word_1_93' title='bbox 10 1440 118 1500; x_wconf 90' lang='lat' dir='ltr'>-&#39;.sium</span> <span class='ocrx_word' id='word_1_94' title='bbox 131 1441 166 1498; x_wconf 85' lang='lat' dir='ltr'>L.</span> <span class='ocrx_word' id='word_1_95' title='bbox 181 1439 306 1501; x_wconf 81' lang='lat' dir='ltr'>Arrunti</span> <span class='ocrx_word' id='word_1_96' title='bbox 328 1438 432 1514; x_wconf 91' lang='lat' dir='ltr'>prisca</span> <span class='ocrx_word' id='word_1_97' title='bbox 452 1441 600 1514; x_wconf 83' lang='lat' dir='ltr'>gravitate</span> <span class='ocrx_word' id='word_1_98' title='bbox 621 1439 809 1498; x_wconf 87' lang='lat' dir='ltr'>celeberrimi</span> <span class='ocrx_word' id='word_1_99' title='bbox 832 1440 926 1513; x_wconf 87' lang='lat' dir='ltr'>fides,</span> <span class='ocrx_word' id='word_1_100' title='bbox 948 1455 1021 1498; x_wconf 93' lang='lat' dir='ltr'>mox</span> <span class='ocrx_word' id='word_1_101' title='bbox 1072 1470 1076 1479; x_wconf 94' lang='lat'><em>·</em></span> 
     </span>
     <span class='ocr_line' id='line_1_13' title="bbox 38 1522 1020 1583; baseline -0.003 0"><span class='ocrx_word' id='word_1_102' title='bbox 38 1522 168 1583; x_wconf 88' lang='lat' dir='ltr'>diucum</span> <span class='ocrx_word' id='word_1_103' title='bbox 176 1522 335 1583; x_wconf 85' lang='lat' dir='ltr'>clementia</span> <span class='ocrx_word' id='word_1_104' title='bbox 345 1525 476 1582; x_wconf 90' lang='lat' dir='ltr'>luctatus</span> <span class='ocrx_word' id='word_1_105' title='bbox 488 1539 546 1582; x_wconf 89' lang='lat' dir='ltr'>sua</span> <span class='ocrx_word' id='word_1_106' title='bbox 555 1523 668 1581; x_wconf 86' lang='lat' dir='ltr'>Caesar</span> <span class='ocrx_word' id='word_1_107' title='bbox 681 1523 815 1582; x_wconf 83' lang='lat' dir='ltr'>servavit</span> <span class='ocrx_word' id='word_1_108' title='bbox 828 1523 1020 1583; x_wconf 90' lang='lat' dir='ltr'>incolumem.</span> 
     </span>
     <span class='ocr_line' id='line_1_14' title="bbox 27 1603 1051 1678; baseline 0.001 -14"><span class='ocrx_word' id='word_1_109' title='bbox 27 1606 108 1665; x_wconf 91' lang='lat' dir='ltr'>·N0n</span> <span class='ocrx_word' id='word_1_110' title='bbox 125 1613 333 1678; x_wconf 89' lang='lat' dir='ltr'>praetereatur</span> <span class='ocrx_word' id='word_1_111' title='bbox 345 1604 433 1664; x_wconf 81' lang='lat' dir='ltr'>Asini</span> <span class='ocrx_word' id='word_1_112' title='bbox 448 1603 593 1664; x_wconf 88' lang='lat' dir='ltr'>Pollionis</span> <span class='ocrx_word' id='word_1_113' title='bbox 609 1605 722 1664; x_wconf 85' lang='lat' dir='ltr'>sactum</span> <span class='ocrx_word' id='word_1_114' title='bbox 734 1611 765 1664; x_wconf 92' lang='lat' dir='ltr'>et</span> <span class='ocrx_word' id='word_1_115' title='bbox 779 1604 892 1665; x_wconf 91' lang='lat' dir='ltr'>dictum</span> <span class='ocrx_word' id='word_1_116' title='bbox 906 1621 1019 1666; x_wconf 94' lang='lat' dir='ltr'>memo·</span> <span class='ocrx_word' id='word_1_117' title='bbox 1034 1612 1051 1665; x_wconf 85' lang='lat'>4</span> 
     </span>
     <span class='ocr_line' id='line_1_15' title="bbox 36 1687 1086 1762; baseline 0.004 -16"><span class='ocrx_word' id='word_1_118' title='bbox 36 1689 150 1748; x_wconf 82' lang='lat' dir='ltr'>rabile=</span> <span class='ocrx_word' id='word_1_119' title='bbox 171 1703 303 1762; x_wconf 75' lang='lat' dir='ltr'>namque</span> <span class='ocrx_word' id='word_1_120' title='bbox 325 1703 394 1746; x_wconf 93' lang='lat' dir='ltr'>cum</span> <span class='ocrx_word' id='word_1_121' title='bbox 416 1703 450 1746; x_wconf 89' lang='lat' dir='ltr'>se</span> <span class='ocrx_word' id='word_1_122' title='bbox 471 1692 544 1761; x_wconf 89' lang='lat' dir='ltr'>post</span> <span class='ocrx_word' id='word_1_123' title='bbox 556 1687 780 1747; x_wconf 90' lang='lat' dir='ltr'>Brundusinam</span> <span class='ocrx_word' id='word_1_124' title='bbox 801 1704 909 1762; x_wconf 87' lang='lat' dir='ltr'>pacem</span> <span class='ocrx_word' id='word_1_125' title='bbox 924 1690 1019 1751; x_wconf 90' lang='lat' dir='ltr'>eonti-</span> <span class='ocrx_word' id='word_1_126' title='bbox 1082 1687 1086 1693; x_wconf 84' lang='lat'>&#39;</span> 
     </span>
     <span class='ocr_line' id='line_1_16' title="bbox 38 1769 1020 1846; baseline 0.003 -15"><span class='ocrx_word' id='word_1_127' title='bbox 38 1773 158 1831; x_wconf 91' lang='lat' dir='ltr'>nuisset</span> <span class='ocrx_word' id='word_1_128' title='bbox 179 1772 310 1831; x_wconf 80' lang='lat' dir='ltr'>initalia</span> <span class='ocrx_word' id='word_1_129' title='bbox 331 1786 432 1845; x_wconf 92' lang='lat' dir='ltr'>neque</span> <span class='ocrx_word' id='word_1_130' title='bbox 452 1779 505 1830; x_wconf 88' lang='lat' dir='ltr'>aut</span> <span class='ocrx_word' id='word_1_131' title='bbox 525 1769 655 1831; x_wconf 88' lang='lat' dir='ltr'>vidisset</span> <span class='ocrx_word' id='word_1_132' title='bbox 667 1788 803 1846; x_wconf 88' lang='lat' dir='ltr'>unquam</span> <span class='ocrx_word' id='word_1_133' title='bbox 817 1773 954 1846; x_wconf 81' lang='lat' dir='ltr'>reginam</span> <span class='ocrx_word' id='word_1_134' title='bbox 970 1781 1020 1834; x_wconf 85' lang='lat' dir='ltr'>aut</span> 
     </span>
     <span class='ocr_line' id='line_1_17' title="bbox 10 1854 1018 1939; baseline 0.001 -23"><span class='ocrx_word' id='word_1_135' title='bbox 10 1864 111 1939; x_wconf 72' lang='grc'><strong>777077</strong></span> <span class='ocrx_word' id='word_1_136' title='bbox 127 1862 304 1915; x_wconf 83' lang='lat' dir='ltr'>enervatum</span> <span class='ocrx_word' id='word_1_137' title='bbox 319 1870 423 1914; x_wconf 90' lang='lat' dir='ltr'>amore</span> <span class='ocrx_word' id='word_1_138' title='bbox 436 1855 505 1914; x_wconf 91' lang='lat' dir='ltr'>eius</span> <span class='ocrx_word' id='word_1_139' title='bbox 519 1855 634 1915; x_wconf 88' lang='lat' dir='ltr'>Antoni</span> <span class='ocrx_word' id='word_1_140' title='bbox 649 1854 781 1916; x_wconf 91' lang='lat' dir='ltr'>animum</span> <span class='ocrx_word' id='word_1_141' title='bbox 798 1857 936 1930; x_wconf 90' lang='lat' dir='ltr'>partibus</span> <span class='ocrx_word' id='word_1_142' title='bbox 952 1858 1018 1917; x_wconf 92' lang='lat' dir='ltr'>eius</span> 
     </span>
     <span class='ocr_line' id='line_1_18' title="bbox 14 1939 1017 2017; baseline 0 -18"><span class='ocrx_word' id='word_1_143' title='bbox 14 1944 74 2017; x_wconf 64' lang='lat' dir='ltr'>ise</span> <span class='ocrx_word' id='word_1_144' title='bbox 87 1939 276 2013; x_wconf 88' lang='lat' dir='ltr'>miscuisset,</span> <span class='ocrx_word' id='word_1_145' title='bbox 291 1945 419 2012; x_wconf 81' lang='lat' dir='ltr'>rogante</span> <span class='ocrx_word' id='word_1_146' title='bbox 432 1939 577 2009; x_wconf 84' lang='lat' dir='ltr'>Caesare,</span> <span class='ocrx_word' id='word_1_147' title='bbox 594 1946 628 1998; x_wconf 89' lang='lat' dir='ltr'>ut</span> <span class='ocrx_word' id='word_1_148' title='bbox 643 1954 748 1998; x_wconf 87' lang='lat' dir='ltr'>secum</span> <span class='ocrx_word' id='word_1_149' title='bbox 763 1940 803 1998; x_wconf 90' lang='lat' dir='ltr'>ad</span> <span class='ocrx_word' id='word_1_150' title='bbox 818 1940 932 2000; x_wconf 87' lang='lat' dir='ltr'>beilum</span> <span class='ocrx_word' id='word_1_151' title='bbox 946 1956 1017 2014; x_wconf 91' lang='lat' dir='ltr'>pro-</span> 
     </span>
     <span class='ocr_line' id='line_1_19' title="bbox 30 2021 1019 2103; baseline -0.002 -20"><span class='ocrx_word' id='word_1_152' title='bbox 30 2023 227 2103; x_wconf 84' lang='lat' dir='ltr'>¹iicisceretur</span> <span class='ocrx_word' id='word_1_153' title='bbox 240 2024 414 2084; x_wconf 87' lang='lat' dir='ltr'>Actiacum:</span> <span class='ocrx_word' id='word_1_154' title='bbox 438 2037 519 2095; x_wconf 88' lang='lat' dir='ltr'>mea,</span> <span class='ocrx_word' id='word_1_155' title='bbox 541 2021 655 2096; x_wconf 89' lang='lat' dir='ltr'>inquit,</span> <span class='ocrx_word' id='word_1_156' title='bbox 675 2022 707 2080; x_wconf 94' lang='lat' dir='ltr'>in</span> <span class='ocrx_word' id='word_1_157' title='bbox 721 2022 888 2081; x_wconf 91' lang='lat' dir='ltr'>Antonium</span> <span class='ocrx_word' id='word_1_158' title='bbox 902 2024 1019 2081; x_wconf 89' lang='lat' dir='ltr'>maiora</span> 
     </span>
     <span class='ocr_line' id='line_1_20' title="bbox 11 2103 1017 2186; baseline -0.006 -19"><span class='ocrx_word' id='word_1_159' title='bbox 11 2162 18 2186; x_wconf 61' lang='lat'>,</span> <span class='ocrx_word' id='word_1_160' title='bbox 37 2109 143 2167; x_wconf 78' lang='lat' dir='ltr'>mer-ita</span> <span class='ocrx_word' id='word_1_161' title='bbox 157 2116 243 2180; x_wconf 88' lang='lat' dir='ltr'>sunt,</span> <span class='ocrx_word' id='word_1_162' title='bbox 265 2108 345 2166; x_wconf 91' lang='lat' dir='ltr'>iltius</span> <span class='ocrx_word' id='word_1_163' title='bbox 360 2107 390 2163; x_wconf 94' lang='lat' dir='ltr'>in</span> <span class='ocrx_word' id='word_1_164' title='bbox 406 2121 454 2163; x_wconf 92' lang='lat' dir='ltr'>me</span> <span class='ocrx_word' id='word_1_165' title='bbox 467 2104 618 2163; x_wconf 84' lang='lat' dir='ltr'>beneficia</span> <span class='ocrx_word' id='word_1_166' title='bbox 635 2103 770 2171; x_wconf 88' lang='lat' dir='ltr'>notiora;</span> <span class='ocrx_word' id='word_1_167' title='bbox 791 2104 896 2176; x_wconf 89' lang='lat' dir='ltr'>itaque</span> <span class='ocrx_word' id='word_1_168' title='bbox 912 2104 1017 2163; x_wconf 89' lang='lat' dir='ltr'>discri-</span> 
     </span>
     <span class='ocr_line' id='line_1_21' title="bbox 21 2187 878 2260; baseline -0.006 -11"><span class='ocrx_word' id='word_1_169' title='bbox 21 2191 109 2257; x_wconf 65' lang='lat' dir='ltr'>,mini</span> <span class='ocrx_word' id='word_1_170' title='bbox 127 2198 230 2251; x_wconf 86' lang='lat' dir='ltr'>vestro</span> <span class='ocrx_word' id='word_1_171' title='bbox 246 2205 294 2248; x_wconf 86' lang='lat' dir='ltr'>me</span> <span class='ocrx_word' id='word_1_172' title='bbox 309 2187 486 2249; x_wconf 86' lang='lat' dir='ltr'>subtraham</span> <span class='ocrx_word' id='word_1_173' title='bbox 501 2196 531 2246; x_wconf 90' lang='lat' dir='ltr'>et</span> <span class='ocrx_word' id='word_1_174' title='bbox 545 2202 598 2245; x_wconf 85' lang='lat' dir='ltr'>ero</span> <span class='ocrx_word' id='word_1_175' title='bbox 614 2187 731 2260; x_wconf 90' lang='lat' dir='ltr'>praeda</span> <span class='ocrx_word' id='word_1_176' title='bbox 746 2187 878 2246; x_wconf 88' lang='lat' dir='ltr'>victoris.</span> 
     </span>
     <span class='ocr_line' id='line_1_22' title="bbox 26 2271 1048 2345; baseline -0.002 -11"><span class='ocrx_word' id='word_1_177' title='bbox 26 2298 33 2305; x_wconf 95' lang='lat'><em>·</em></span> <span class='ocrx_word' id='word_1_178' title='bbox 120 2274 292 2334; x_wconf 85' lang='lat' dir='ltr'>Lxxxvu.</span> <span class='ocrx_word' id='word_1_179' title='bbox 324 2272 468 2331; x_wconf 89' lang='lat' dir='ltr'>Proximo</span> <span class='ocrx_word' id='word_1_180' title='bbox 490 2271 602 2329; x_wconf 92' lang='lat' dir='ltr'>deinde</span> <span class='ocrx_word' id='word_1_181' title='bbox 624 2285 704 2329; x_wconf 89' lang='lat' dir='ltr'>anno</span> <span class='ocrx_word' id='word_1_182' title='bbox 730 2276 913 2344; x_wconf 88' lang='lat' dir='ltr'>persecutus</span> <span class='ocrx_word' id='word_1_183' title='bbox 938 2271 1048 2345; x_wconf 81' lang='lat' dir='ltr'>regi-1</span> 
     </span>
     <span class='ocr_line' id='line_1_23' title="bbox 10 2354 1016 2437; baseline -0.004 -20"><span class='ocrx_word' id='word_1_184' title='bbox 10 2432 12 2437; x_wconf 67' lang='lat'>,</span> <span class='ocrx_word' id='word_1_185' title='bbox 35 2374 107 2417; x_wconf 93' lang='lat' dir='ltr'>nam</span> <span class='ocrx_word' id='word_1_186' title='bbox 121 2357 350 2431; x_wconf 88' lang='lat' dir='ltr'>Antoniumque</span> <span class='ocrx_word' id='word_1_187' title='bbox 364 2354 605 2427; x_wconf 86' lang='lat' dir='ltr'>Alexandream,</span> <span class='ocrx_word' id='word_1_188' title='bbox 623 2354 756 2413; x_wconf 87' lang='lat' dir='ltr'>ultimam</span> <span class='ocrx_word' id='word_1_189' title='bbox 773 2354 859 2413; x_wconf 89' lang='lat' dir='ltr'>bellis</span> <span class='ocrx_word' id='word_1_190' title='bbox 877 2354 1016 2414; x_wconf 87' lang='lat' dir='ltr'>civilibus</span> 
     </span>
     <span class='ocr_line' id='line_1_24' title="bbox 22 2437 1047 2514; baseline 0 -14"><span class='ocrx_word' id='word_1_191' title='bbox 22 2440 183 2514; x_wconf 86' lang='lat' dir='ltr'>imposuit</span> <span class='ocrx_word' id='word_1_192' title='bbox 193 2456 324 2498; x_wconf 89' lang='lat' dir='ltr'>manum.</span> <span class='ocrx_word' id='word_1_193' title='bbox 346 2439 497 2497; x_wconf 89' lang='lat' dir='ltr'>Antonius</span> <span class='ocrx_word' id='word_1_194' title='bbox 510 2453 545 2496; x_wconf 92' lang='lat' dir='ltr'>se</span> <span class='ocrx_word' id='word_1_195' title='bbox 558 2439 627 2510; x_wconf 92' lang='lat' dir='ltr'>ipse</span> <span class='ocrx_word' id='word_1_196' title='bbox 638 2453 698 2495; x_wconf 91' lang='lat' dir='ltr'>non</span> <span class='ocrx_word' id='word_1_197' title='bbox 711 2437 845 2510; x_wconf 82' lang='lat' dir='ltr'>segniter</span> <span class='ocrx_word' id='word_1_198' title='bbox 859 2438 1016 2513; x_wconf 89' lang='lat' dir='ltr'>interemit,</span> <span class='ocrx_word' id='word_1_199' title='bbox 1031 2448 1047 2500; x_wconf 76' lang='lat'><strong>2</strong></span> 
     </span>
     <span class='ocr_line' id='line_1_25' title="bbox 35 2520 1016 2589; baseline -0.002 -7"><span class='ocrx_word' id='word_1_200' title='bbox 35 2524 116 2582; x_wconf 92' lang='lat' dir='ltr'>adeo</span> <span class='ocrx_word' id='word_1_201' title='bbox 132 2530 166 2582; x_wconf 91' lang='lat' dir='ltr'>ut</span> <span class='ocrx_word' id='word_1_202' title='bbox 179 2524 272 2580; x_wconf 89' lang='lat' dir='ltr'>multa</span> <span class='ocrx_word' id='word_1_203' title='bbox 288 2521 425 2579; x_wconf 84' lang='lat' dir='ltr'>desidiae</span> <span class='ocrx_word' id='word_1_204' title='bbox 441 2520 565 2578; x_wconf 87' lang='lat' dir='ltr'>erimina</span> <span class='ocrx_word' id='word_1_205' title='bbox 579 2527 677 2578; x_wconf 87' lang='lat' dir='ltr'>morte</span> <span class='ocrx_word' id='word_1_206' title='bbox 691 2521 869 2589; x_wconf 66' lang='lat' dir='ltr'>redimerem</span> <span class='ocrx_word' id='word_1_207' title='bbox 885 2531 917 2581; x_wconf 91' lang='lat' dir='ltr'>at</span> <span class='ocrx_word' id='word_1_208' title='bbox 931 2522 1016 2580; x_wconf 91' lang='lat' dir='ltr'>Cieo-</span> 
     </span>
     <span class='ocr_line' id='line_1_26' title="bbox 26 2601 1016 2682; baseline -0.001 -18"><span class='ocrx_word' id='word_1_209' title='bbox 26 2612 125 2682; x_wconf 69' lang='lat' dir='ltr'>,patra</span> <span class='ocrx_word' id='word_1_210' title='bbox 141 2606 220 2664; x_wconf 83' lang='lat' dir='ltr'>trust</span> <span class='ocrx_word' id='word_1_211' title='bbox 221 2603 294 2663; x_wconf 91' lang='lat' dir='ltr'>ratis</span> <span class='ocrx_word' id='word_1_212' title='bbox 311 2603 491 2663; x_wconf 84' lang='lat' dir='ltr'>custodibus</span> <span class='ocrx_word' id='word_1_213' title='bbox 506 2601 599 2661; x_wconf 90' lang='lat' dir='ltr'>inlata</span> <span class='ocrx_word' id='word_1_214' title='bbox 613 2602 722 2675; x_wconf 87' lang='lat' dir='ltr'>aspide</span> <span class='ocrx_word' id='word_1_215' title='bbox 737 2602 779 2674; x_wconf 90' lang='lat' dir='ltr'>[in</span> <span class='ocrx_word' id='word_1_216' title='bbox 794 2610 910 2675; x_wconf 90' lang='lat' dir='ltr'>morsu]</span> <span class='ocrx_word' id='word_1_217' title='bbox 930 2605 1016 2663; x_wconf 90' lang='lat' dir='ltr'>sanie</span> 
     </span>
     <span class='ocr_line' id='line_1_27' title="bbox 33 2685 1049 2762; baseline 0 -13"><span class='ocrx_word' id='word_1_218' title='bbox 33 2689 102 2749; x_wconf 88' lang='lat' dir='ltr'>eius</span> <span class='ocrx_word' id='word_1_219' title='bbox 125 2704 237 2762; x_wconf 89' lang='lat' dir='ltr'>expers</span> <span class='ocrx_word' id='word_1_220' title='bbox 260 2687 414 2746; x_wconf 89' lang='lat' dir='ltr'>muliebris</span> <span class='ocrx_word' id='word_1_221' title='bbox 434 2692 534 2746; x_wconf 88' lang='lat' dir='ltr'>metus</span> <span class='ocrx_word' id='word_1_222' title='bbox 556 2685 694 2760; x_wconf 88' lang='lat' dir='ltr'>spiritum</span> <span class='ocrx_word' id='word_1_223' title='bbox 714 2685 855 2747; x_wconf 86' lang='lat' dir='ltr'>reddidit.</span> <span class='ocrx_word' id='word_1_224' title='bbox 888 2686 1049 2761; x_wconf 82' lang='lat' dir='ltr'>Fuitque3</span> 
     </span>
     <span class='ocr_line' id='line_1_28' title="bbox 18 2769 1016 2844; baseline -0.001 -13"><span class='ocrx_word' id='word_1_225' title='bbox 18 2772 21 2777; x_wconf 86' lang='lat'>&#39;</span> <span class='ocrx_word' id='word_1_226' title='bbox 33 2773 202 2833; x_wconf 85' lang='lat' dir='ltr'>etiortuna</span> <span class='ocrx_word' id='word_1_227' title='bbox 224 2778 255 2831; x_wconf 90' lang='lat' dir='ltr'>et</span> <span class='ocrx_word' id='word_1_228' title='bbox 269 2771 427 2830; x_wconf 86' lang='lat' dir='ltr'>elementia</span> <span class='ocrx_word' id='word_1_229' title='bbox 442 2770 582 2830; x_wconf 74' lang='lat' dir='ltr'>Caesaris</span> <span class='ocrx_word' id='word_1_230' title='bbox 605 2769 743 2844; x_wconf 83' lang='lat' dir='ltr'>dignum,</span> <span class='ocrx_word' id='word_1_231' title='bbox 767 2771 851 2844; x_wconf 90' lang='lat' dir='ltr'>quod</span> <span class='ocrx_word' id='word_1_232' title='bbox 872 2787 961 2837; x_wconf 87' lang='lat' dir='ltr'>nemo</span> <span class='ocrx_word' id='word_1_233' title='bbox 978 2786 1016 2830; x_wconf 88' lang='lat' dir='ltr'>ex</span> 
     </span>
     <span class='ocr_line' id='line_1_29' title="bbox 21 2840 1016 2931; baseline -0.003 -14"><span class='ocrx_word' id='word_1_234' title='bbox 21 2856 83 2918; x_wconf 91' lang='lat' dir='ltr'>&#39;his</span> <span class='ocrx_word' id='word_1_235' title='bbox 101 2857 152 2931; x_wconf 86' lang='lat' dir='ltr'>qui</span> <span class='ocrx_word' id='word_1_236' title='bbox 169 2862 275 2917; x_wconf 89' lang='lat' dir='ltr'>contra</span> <span class='ocrx_word' id='word_1_237' title='bbox 290 2871 360 2915; x_wconf 90' lang='lat' dir='ltr'>eum</span> <span class='ocrx_word' id='word_1_238' title='bbox 376 2871 459 2914; x_wconf 90' lang='lat' dir='ltr'>arma</span> <span class='ocrx_word' id='word_1_239' title='bbox 473 2855 617 2926; x_wconf 81' lang='grc'><strong>7777777777,</strong></span> <span class='ocrx_word' id='word_1_240' title='bbox 640 2855 678 2913; x_wconf 92' lang='lat' dir='ltr'>ab</span> <span class='ocrx_word' id='word_1_241' title='bbox 693 2870 730 2914; x_wconf 91' lang='lat' dir='ltr'>eo</span> <span class='ocrx_word' id='word_1_242' title='bbox 749 2855 877 2914; x_wconf 89' lang='lat' dir='ltr'>iussuve</span> <span class='ocrx_word' id='word_1_243' title='bbox 889 2840 957 2915; x_wconf 89' lang='lat' dir='ltr'>eius</span> <span class='ocrx_word' id='word_1_244' title='bbox 972 2854 1016 2914; x_wconf 90' lang='lat' dir='ltr'>in-</span> 
     </span>
     <span class='ocr_line' id='line_1_30' title="bbox 34 2935 1015 3015; baseline -0.001 -15"><span class='ocrx_word' id='word_1_245' title='bbox 34 2947 204 3015; x_wconf 85' lang='lat' dir='ltr'>teremptus</span> <span class='ocrx_word' id='word_1_246' title='bbox 228 2945 307 3012; x_wconf 80' lang='lat' dir='ltr'>[esti.</span> <span class='ocrx_word' id='word_1_247' title='bbox 333 2940 368 2999; x_wconf 89' lang='lat' dir='ltr'>D.</span> <span class='ocrx_word' id='word_1_248' title='bbox 382 2939 509 2999; x_wconf 91' lang='lat' dir='ltr'>Brutum</span> <span class='ocrx_word' id='word_1_249' title='bbox 530 2937 644 2998; x_wconf 91' lang='lat' dir='ltr'>Antoni</span> <span class='ocrx_word' id='word_1_250' title='bbox 665 2935 815 2999; x_wconf 88' lang='lat' dir='ltr'>interemit</span> <span class='ocrx_word' id='word_1_251' title='bbox 836 2938 1015 3009; x_wconf 89' lang='lat' dir='ltr'>crudelitas;</span> 
     </span>
     <span class='ocr_line' id='line_1_31' title="bbox 35 3022 1015 3099; baseline -0.006 -14"><span class='ocrx_word' id='word_1_252' title='bbox 35 3022 68 3085; x_wconf 72' lang='lat' dir='ltr'>S·</span> <span class='ocrx_word' id='word_1_253' title='bbox 79 3023 256 3099; x_wconf 88' lang='lat' dir='ltr'>Pompeium</span> <span class='ocrx_word' id='word_1_254' title='bbox 272 3024 363 3084; x_wconf 89' lang='lat' dir='ltr'>abeo</span> <span class='ocrx_word' id='word_1_255' title='bbox 378 3024 530 3082; x_wconf 87' lang='lat' dir='ltr'>devictum</span> <span class='ocrx_word' id='word_1_256' title='bbox 545 3023 626 3082; x_wconf 92' lang='lat' dir='ltr'>idem</span> <span class='ocrx_word' id='word_1_257' title='bbox 637 3023 791 3082; x_wconf 89' lang='lat' dir='ltr'>Antonius</span> <span class='ocrx_word' id='word_1_258' title='bbox 807 3039 876 3082; x_wconf 86' lang='lat' dir='ltr'>curn</span> <span class='ocrx_word' id='word_1_259' title='bbox 888 3023 1015 3094; x_wconf 81' lang='lat' dir='ltr'>dignita-</span> 
     </span>
     <span class='ocr_line' id='line_1_32' title="bbox 34 3104 1016 3184; baseline -0.009 -15"><span class='ocrx_word' id='word_1_260' title='bbox 34 3108 74 3169; x_wconf 88' lang='lat' dir='ltr'>tis</span> <span class='ocrx_word' id='word_1_261' title='bbox 91 3125 216 3184; x_wconf 83' lang='lat' dir='ltr'>quoque</span> <span class='ocrx_word' id='word_1_262' title='bbox 231 3108 403 3168; x_wconf 81' lang='lat' dir='ltr'>seruandae</span> <span class='ocrx_word' id='word_1_263' title='bbox 418 3107 557 3167; x_wconf 88' lang='lat' dir='ltr'>dedisset</span> <span class='ocrx_word' id='word_1_264' title='bbox 570 3106 671 3178; x_wconf 89' lang='lat' dir='ltr'>iidem,</span> <span class='ocrx_word' id='word_1_265' title='bbox 688 3107 777 3165; x_wconf 91' lang='lat' dir='ltr'>etiam</span> <span class='ocrx_word' id='word_1_266' title='bbox 791 3104 880 3178; x_wconf 90' lang='lat' dir='ltr'>spirit</span> <span class='ocrx_word' id='word_1_267' title='bbox 881 3122 901 3162; x_wconf 95' lang='lat' dir='ltr'>u</span> <span class='ocrx_word' id='word_1_268' title='bbox 916 3104 1016 3177; x_wconf 81' lang='lat' dir='ltr'>priva-</span> 
     </span>
     <span class='ocr_line' id='line_1_33' title="bbox 10 3186 1017 3341; baseline -0.01 -88"><span class='ocrx_word' id='word_1_269' title='bbox 10 3186 94 3341; x_wconf 49' lang='lat' dir='ltr'>‘vib</span> <span class='ocrx_word' id='word_1_270' title='bbox 119 3195 231 3254; x_wconf 91' lang='lat' dir='ltr'>Brutus</span> <span class='ocrx_word' id='word_1_271' title='bbox 247 3199 282 3251; x_wconf 87' lang='lat' dir='ltr'>et</span> <span class='ocrx_word' id='word_1_272' title='bbox 296 3191 422 3251; x_wconf 83' lang='lat' dir='ltr'>Cassius</span> <span class='ocrx_word' id='word_1_273' title='bbox 443 3198 511 3250; x_wconf 91' lang='lat' dir='ltr'>ante</span> <span class='ocrx_word' id='word_1_274' title='bbox 534 3205 626 3263; x_wconf 90' lang='lat' dir='ltr'>quam</span> <span class='ocrx_word' id='word_1_275' title='bbox 643 3189 792 3247; x_wconf 90' lang='lat' dir='ltr'>victorum</span> <span class='ocrx_word' id='word_1_276' title='bbox 806 3186 1017 3260; x_wconf 88' lang='lat' dir='ltr'>experirentur</span> 
     </span>
     <span class='ocr_line' id='line_1_34' title="bbox 36 3269 1015 3350; baseline -0.01 -12"><span class='ocrx_word' id='word_1_277' title='bbox 36 3292 186 3350; x_wconf 82' lang='lat' dir='ltr'>animum,</span> <span class='ocrx_word' id='word_1_278' title='bbox 207 3274 380 3336; x_wconf 90' lang='lat' dir='ltr'>voluntaria</span> <span class='ocrx_word' id='word_1_279' title='bbox 400 3281 496 3334; x_wconf 89' lang='lat' dir='ltr'>morte</span> <span class='ocrx_word' id='word_1_280' title='bbox 512 3271 666 3341; x_wconf 85' lang='lat' dir='ltr'>obierunt;</span> <span class='ocrx_word' id='word_1_281' title='bbox 692 3269 806 3331; x_wconf 86' lang='lat' dir='ltr'>Antoni</span> <span class='ocrx_word' id='word_1_282' title='bbox 822 3271 1015 3345; x_wconf 89' lang='lat' dir='ltr'>Cleopatrae-</span> 
     </span>
     <span class='ocr_line' id='line_1_35' title="bbox 10 3354 1015 3436; baseline -0.01 -14"><span class='ocrx_word' id='word_1_283' title='bbox 10 3364 98 3436; x_wconf 74' lang='lat' dir='ltr'>ique</span> <span class='ocrx_word' id='word_1_284' title='bbox 124 3361 193 3436; x_wconf 89' lang='lat' dir='ltr'>quis</span> <span class='ocrx_word' id='word_1_285' title='bbox 219 3361 329 3420; x_wconf 83' lang='lat' dir='ltr'>suisset</span> <span class='ocrx_word' id='word_1_286' title='bbox 353 3357 453 3417; x_wconf 87' lang='lat' dir='ltr'>exitus</span> <span class='ocrx_word' id='word_1_287' title='bbox 478 3356 684 3426; x_wconf 81' lang='lat' dir='ltr'>narravimus3</span> <span class='ocrx_word' id='word_1_288' title='bbox 712 3355 855 3416; x_wconf 89' lang='lat' dir='ltr'>Canidius</span> <span class='ocrx_word' id='word_1_289' title='bbox 881 3354 1015 3415; x_wconf 86' lang='lat' dir='ltr'>timidius</span> 
     </span>
     <span class='ocr_line' id='line_1_36' title="bbox 10 3440 1015 3520; baseline -0.005 -19"><span class='ocrx_word' id='word_1_290' title='bbox 10 3470 26 3501; x_wconf 78' lang='grc'>7</span> <span class='ocrx_word' id='word_1_291' title='bbox 10 3442 186 3516; x_wconf 83' lang='lat' dir='ltr'>decessit</span> <span class='ocrx_word' id='word_1_292' title='bbox 214 3461 306 3520; x_wconf 89' lang='lat' dir='ltr'>quam</span> <span class='ocrx_word' id='word_1_293' title='bbox 327 3442 512 3518; x_wconf 78' lang='lat' dir='ltr'>professioni</span> <span class='ocrx_word' id='word_1_294' title='bbox 532 3440 600 3500; x_wconf 90' lang='lat' dir='ltr'>eius</span> <span class='ocrx_word' id='word_1_295' title='bbox 621 3455 683 3514; x_wconf 86' lang='lat' dir='ltr'>qua</span> <span class='ocrx_word' id='word_1_296' title='bbox 702 3455 825 3514; x_wconf 89' lang='lat' dir='ltr'>semper</span> <span class='ocrx_word' id='word_1_297' title='bbox 844 3455 920 3501; x_wconf 88' lang='lat' dir='ltr'>usus</span> <span class='ocrx_word' id='word_1_298' title='bbox 940 3443 1015 3510; x_wconf 89' lang='lat' dir='ltr'>erat,</span> 
     </span>
    </p>
   </div>
   <div class='ocr_carea' id='block_1_7' title="bbox 10 3489 1015 3715">
    <p class='ocr_par' dir='ltr' id='par_1_7' title="bbox 10 3489 1015 3715">
     <span class='ocr_line' id='line_1_37' title="bbox 10 3489 1015 3640; baseline -0.009 -51.752"><span class='ocrx_word' id='word_1_299' title='bbox 10 3489 240 3639; x_wconf 67' lang='grc' dir='ltr'><strong>Ξ70773777777777</strong></span> <span class='ocrx_word' id='word_1_300' title='bbox 267 3527 389 3589; x_wconf 86' lang='lat' dir='ltr'>ultimus</span> <span class='ocrx_word' id='word_1_301' title='bbox 415 3532 515 3586; x_wconf 89' lang='lat' dir='ltr'>autem</span> <span class='ocrx_word' id='word_1_302' title='bbox 539 3540 580 3585; x_wconf 89' lang='lat' dir='ltr'>ex</span> <span class='ocrx_word' id='word_1_303' title='bbox 604 3523 850 3640; x_wconf 59' lang='lat' dir='ltr'>intepiectoribus</span> <span class='ocrx_word' id='word_1_304' title='bbox 875 3521 1015 3583; x_wconf 88' lang='lat' dir='ltr'>Caesaris</span> 
     </span>
     <span class='ocr_line' id='line_1_38' title="bbox 10 3616 828 3675; baseline -0.011 0"><span class='ocrx_word' id='word_1_305' title='bbox 10 3664 17 3675; x_wconf 92' lang='lat'>.</span> <span class='ocrx_word' id='word_1_306' title='bbox 678 3616 694 3649; x_wconf 73' lang='lat'>³¹</span> <span class='ocrx_word' id='word_1_307' title='bbox 811 3617 828 3666; x_wconf 82' lang='lat'>5</span> 
     </span>
     <span class='ocr_line' id='line_1_39' title="bbox 10 3686 17 3715; baseline 0 0"><span class='ocrx_word' id='word_1_308' title='bbox 10 3686 17 3715; x_wconf 84' lang='lat' dir='ltr'>l</span> 
     </span>
    </p>
   </div>
   <div class='ocr_carea' id='block_1_8' title="bbox 0 0 1216 4200">
    <p class='ocr_par' dir='ltr' id='par_1_8' title="bbox 0 0 1216 4200">
     <span class='ocr_line' id='line_1_40' title="bbox 0 0 1216 4200; baseline 0 1"><span class='ocrx_word' id='word_1_309' title='bbox 0 0 1216 4200; x_wconf 95' lang='lat' dir='ltr'> </span> 
     </span>
    </p>
   </div>
  </div>
 </body>
</html>
