2348 4222
189 315 232 379 94
458 310 498 371 Μ.
521 311 662 369 VELLEl
684 308 901 369 PATERCULI

190 454 354 529 Sacrouiro
369 464 525 538 Floroque
540 462 616 525 lulio
640 460 717 520 mira
735 458 889 521 celeritate
911 474 949 519 ac
965 457 1075 525 virtulo

189 550 312 626 pressit,
328 557 361 609 ut
376 558 445 608 ante
459 548 595 622 populus
602 547 758 607 Romanus
773 542 888 605 vicisse
901 559 935 604 se
952 543 1080 618 quami.

190 639 394 708 cognosceret
419 630 613 704 nunciusque
643 626 772 703 periculi
799 625 949 687 victoriae
976 641 1080 701 praece

189 715 343 778 nuncius?
370 713 474 791 Magni
493 712 585 774 etiam
604 711 730 775 terroris
751 711 864 774 bellum
879 710 1026 775 Africum
1045 716 1073 778 et

190 802 280 862 diano
303 808 395 861 auctu
415 797 514 861 maius
535 794 683 871 auspiciis
704 792 905 868 consiliisque
927 792 1000 861 eius
1021 794 1080 861 brer

190 887 307 961 pultum
323 891 379 945 est.

161 966 197 1032 1'
276 966 388 1033 CXXX.
432 964 549 1037 Quanta
573 979 632 1023 suo
658 976 846 1036 suorumque
873 958 1004 1025 nomine
1029 975 1078 1027 ers

191 1057 307 1124 operat
323 1065 415 1123 quam
431 1048 482 1122 pia
495 1046 704 1111 munificentie
715 1059 871 1120 superque
885 1044 1080 1109 humanamt

189 1133 281 1192 fidem
296 1132 443 1207 templum
454 1128 689 1205 patrimonium
707 1145 799 1204 quarn
812 1126 981 1202 magnifico
997 1124 1080 1193 anim

188 1209 1079 1291 perementocn.quoquePompeimuneraabsumptaigni

188 1298 266 1361 tuiti
289 1298 437 1376 quicquid
452 1301 531 1362 enim
544 1313 680 1372 unquam
692 1295 872 1361 claritudine
886 1293 1030 1370 eminuit,
1043 1293 1080 1354 id·

157 1394 174 1445 2
189 1391 353 1459 cognatum
365 1390 471 1444 censet
487 1380 641 1442 tuendum.
662 1378 727 1453 Qua
738 1377 918 1443 liberalitate
930 1394 1004 1441 cum
1015 1380 1080 1447 alias

188 1466 330 1542 proxime
354 1466 483 1529 incenso
504 1471 608 1525 monte
630 1461 733 1526 Coelio
757 1460 856 1529 omnis
879 1461 1002 1523 ordinis
1024 1463 1080 1522 hon

188 1550 323 1615 iacturae
344 1547 528 1626 patrimonio
549 1545 701 1615 succurrit
721 1553 801 1611 sunl
836 1545 956 1620 ouante
981 1562 1052 1611 cnm
1072 1563 1080 1603 ι

188 1633 345 1695 hominum
359 1650 424 1693 rem
438 1631 582 1708 perpetui
596 1628 819 1706 praecipuique
832 1629 961 1704 timoris,
981 1630 1080 1705 suppl

156 1723 266 1787 etum,
289 1715 356 1775 sine
377 1715 582 1790 trepidatione
597 1714 736 1779 delectus
757 1711 922 1788 providere
945 1712 983 1777 Si
997 1722 1080 1775 eutr

188 1798 302 1872 petitur
313 1805 365 1859 aut
380 1795 578 1863 mediocritas
592 1795 703 1871 recipit
715 1795 887 1869 hominum,
902 1797 1010 1864 audeo
1027 1812 1080 1858 cun

189 1880 291 1957 queri:
308 1880 384 1956 quid
398 1880 447 1941 hic
462 1878 587 1954 meruit,
605 1878 735 1955 primurn
750 1888 784 1941 ut
798 1881 949 1943 scelerata
963 1880 1080 1947 Drusus

187 1964 278 2027 iniret
298 1964 448 2031 consiliat
480 1963 593 2027 deinde
614 1971 647 2024 ul
667 1961 774 2023 Silium
794 1962 1007 2040 Pisonemque
1029 1973 1080 2031 tan

187 2067 277 2126 quom
287 2053 409 2127 patriae
422 2050 545 2125 insertos
558 2049 693 2120 coderet,
710 2053 845 2123 querum]
859 2047 986 2115 atterius
1000 2045 1080 2124 digni

188 2132 358 2207 constituit,
387 2132 473 2199 auxit
501 2130 648 2195 alterius?
677 2131 776 2192 ulad
804 2131 920 2199 maiora
945 2139 1080 2193 transcat

189 2234 374 2293 quamquam
392 2224 423 2278 et
437 2216 514 2277 haec
535 2217 585 2277 ille
601 2213 689 2281 duxit
705 2213 852 2288 maxima,
876 2213 966 2288 quid,
992 2224 1030 2281 ut
1050 2217 1080 2281 iu

154 2302 337 2362 remitteret
356 2297 459 2359 filiast
490 2296 580 2372 quid,
600 2305 634 2357 ut
650 2306 796 2372 nepotem
817 2315 855 2359 ex
877 2299 980 2365 Druso
1005 2305 1080 2363 suot

186 2383 279 2443 lenda
295 2382 395 2443 adhuc
416 2380 591 2451 retulimus;
613 2378 798 2443 veniendum
818 2382 858 2443 ad
878 2382 1080 2445 erubescendi

188 2463 311 2541 quantis
336 2466 396 2527 hoc
422 2463 600 2538 triennium,
632 2464 673 2527 itt.
696 2463 814 2539 Vinici,
840 2464 1003 2529 doloribus
1032 2469 1080 2531 lac

186 2547 320 2611 animum
336 2550 426 2612 eiust
443 2565 535 2626 quarn
551 2547 604 2611 diu
618 2549 782 2624 abstruso,'
797 2550 882 2624 quod
895 2548 1080 2616 miserrimus

185 2644 295 2710 pectus
318 2633 385 2695 eius
407 2632 548 2709 flagravit
567 2631 727 2706 incendio,
750 2633 834 2707 qnod
855 2650 895 2693 ex
915 2650 1012 2708 nuru,
1037 2653 1080 2711 qn

154 2726 300 2794 enepotc
315 2719 436 2789 dolere,
459 2714 626 2789 indignari,
647 2716 831 2783 erubescere
847 2726 975 2783 coactus
990 2727 1060 2779 est!

184 2800 333 2875 temporie
349 2798 570 2874 aegritudinem
584 2800 669 2865 auxit
684 2800 799 2865 amissa
810 2808 914 2875 mater,
931 2801 1080 2865 eminenti

186 2892 217 2944 et
230 2899 287 2959 per
302 2881 405 2943 omnia
418 2882 487 2948 deis
503 2899 596 2959 quern
609 2882 789 2947 hominibus.
801 2884 930 2949 similior
944 2884 1073 2961 lemine,

184 2966 353 3044 potentiam
374 2982 465 3029 nemo
493 2965 591 3029 sensit
616 2966 676 3029 nisi
708 2977 761 3032 aut
786 2967 940 3030 levatione
965 2969 1080 3044 pericu

185 3051 370 3117 accessione
385 3049 552 3128 dignitatis.
662 3072 665 3079 ·

153 3148 168 3200 l
270 3137 396 3203 cxxxi.
426 3138 509 3201 Veto
530 3135 698 3199 finiendum
714 3138 858 3198 volumen
879 3134 927 3197 sit.
957 3136 1080 3213 loppin

188 3219 331 3295 pitolinc,
361 3230 391 3283 et
414 3230 521 3287 auctor
546 3236 584 3283 ae
609 3228 705 3284 stator
727 3220 859 3287 Romani
883 3218 1018 3283 nominis
1042 3223 1080 3285 Gr

187 3303 286 3378 Mare,
300 3313 583 3382 perpetuorumque
598 3312 704 3371 custos
717 3306 816 3371 vesle
829 3303 962 3380 ignium,
977 3313 1008 3367 et
1023 3307 1080 3382 qui

185 3385 342 3449 numinum
370 3387 450 3448 hanc
469 3387 597 3453 Rotnani
625 3388 734 3464 imperi
757 3389 868 3452 molem
893 3386 923 3452 in
946 3390 1080 3465 anplss

185 3480 334 3534 terrarum
354 3470 438 3533 orbis
458 3469 612 3546 fastigium
634 3471 755 3546 extulit,
786 3488 844 3533 vos
868 3470 992 3549 publica
1014 3491 1079 3537 voc

182 3564 280 3619 testor
302 3564 395 3631 atque
414 3571 540 3632 precor,
565 3556 733 3632 custodite,
755 3564 891 3630 servate,
915 3557 1072 3635 protegite
