2348 4222
142 361 352 422 HISTORIAE
375 361 567 422 ROMANAE
587 364 629 437 ΙΙ,
654 372 713 425 tot.
732 375 792 426 102.
924 363 964 429 25

10 506 15 517 '
34 556 55 589 Ι,
81 514 261 585 consulatu,
284 511 452 587 provinciis
467 512 651 572 honoratum
667 513 756 572 etiam
771 515 965 577 matrimonio

42 596 94 655 ris
112 611 189 656 suae
204 595 285 655 hliae
305 597 335 655 in
356 596 558 655 arctissimam
578 596 766 655 adfinitatem
786 608 962 673 receperam

30 674 47 753 J
64 678 181 754 'usque
197 679 372 754 Crispinus,
399 679 586 753 singularem
607 680 774 754 nequitiam
798 683 994 755 supercili05

36 762 46 777 “
66 771 247 838 protegens,
264 770 294 822 et
309 764 429 838 Appius
446 762 590 822 Claudius
606 770 637 822 et
652 762 854 837 Sempronius
871 765 963 825 Grac-

65 863 107 907 ac
123 844 228 920 Scipio
244 846 358 921 aliique
378 847 503 906 minoris
523 845 655 906 nominis
670 847 832 922 utriusque
846 848 963 909 ordinis

28 929 136 1005 ¹'quasi
148 930 309 990 cuiuslibet
321 946 420 991 uxore
432 929 544 990 violata
558 945 675 1005 poenas
692 930 878 1005 pependere,
895 947 963 990 cum

55 1013 120 1082 aris
136 1014 229 1073 filiurn
245 1021 276 1073 et
288 1013 418 1074 Neronis
436 1014 607 1074 violassent
621 1013 792 1088 coniugem.
826 1015 901 1074 Iulia
915 1032 961 1072 rc-

25 1104 76 1167 ,ta
89 1098 122 1157 in
136 1099 267 1157 insulam
281 1098 461 1172 patriaeque
473 1106 502 1157 et
517 1104 675 1172 parentum
688 1099 840 1158 subducta
853 1100 960 1170 oeulis,

55 1197 66 1240 1
93 1188 196 1241 tamen
218 1181 361 1243 comitata
384 1187 481 1241 mater
507 1181 668 1241 Scribonia
693 1182 863 1242 voluntaria
889 1184 961 1242 exili

35 1268 38 1273 '
62 1265 145 1324 ansit
159 1280 274 1342 comcs.
1060 1338 1063 1343 Ι

15 1362 28 1421 j
59 1348 105 1407 CI.
133 1349 234 1408 Breve
246 1349 286 1408 ab
299 1348 359 1408 hoc
374 1346 591 1408 intercesserat
603 1349 745 1420 spatium,
762 1365 832 1408 cum
845 1349 875 1406 C.
886 1349 959 1407 Cae·
976 1359 991 1409 1

10 1424 119 1509 [nante
140 1433 206 1492 aliis
227 1432 394 1507 provinciis
416 1433 456 1492 ad
480 1431 642 1490 visendum
669 1431 759 1490 obitis
786 1432 817 1491 in
838 1431 961 1507 Syriam

10 1512 105 1587 ¹basus,
128 1524 279 1576 convento
296 1515 381 1590 prius
394 1515 437 1572 Ti.
451 1516 589 1587 Nerone,
607 1514 656 1572 cui
674 1530 796 1572 omnem
811 1515 960 1573 honorem

21 1597 177 1671 superiori
189 1597 309 1668 habuit,
327 1605 387 1657 tem
403 1598 486 1656 varie
502 1612 537 1655 se
551 1597 592 1655 ibi
607 1597 719 1670 gessit,
735 1605 769 1657 ut
784 1613 841 1656 nec
856 1598 960 1657 lauda-

10 1694 77 1739 rum
98 1696 209 1754 magna
224 1696 281 1741 nee
296 1680 536 1754 vituperaturum
558 1680 723 1739 mediocris
744 1680 870 1740 materia
886 1682 960 1741 deli·

10 1771 42 1839 tt.
68 1763 142 1823 Cum
153 1779 228 1838 rege
239 1762 428 1837 Parthorum,
443 1763 555 1823 iuvene
566 1764 790 1840 excelsissimo,
806 1764 959 1839 ininsula,
976 1771 992 1823 2

10 1860 66 1909 tam
81 1849 179 1907 amnis
192 1847 365 1922 Euphrates
381 1847 546 1920 ambiebat,
563 1856 696 1922 aequato
712 1850 873 1924 utriusque
890 1867 958 1924 par-

10 1928 161 1992 inumero
183 1933 269 2000 coiit;
297 1932 381 2007 quod
402 1934 612 2007 spectaculum
638 1935 747 1993 stantis
772 1950 811 1992 ex
833 1933 957 1993 diverso

10 2020 43 2075 lc
56 2016 202 2091 Romani,
224 2016 306 2077 illinc
319 2016 500 2076 Parthorum
522 2017 691 2086 exercitus,
713 2032 782 2074 cum
798 2017 859 2074 duo
881 2017 960 2074 inter

10 2099 263 2161 eminentissima
283 2098 481 2173 imperiorum
497 2105 527 2156 ct
542 2098 700 2155 hominum
716 2099 833 2156 coirent
848 2097 958 2170 capita,

10 2198 120 2257 t‘quam
141 2185 256 2242 clarum
278 2188 308 2240 et
329 2180 527 2239 memorabile
548 2179 605 2238 sub
630 2179 714 2238 initia
736 2180 959 2253 stipendiorum

10 2282 109 2327 torum
124 2265 246 2325 tribuno
263 2263 390 2324 militum
405 2263 477 2322 mihi
491 2261 595 2322 visere
611 2263 744 2337 contigit.
773 2264 867 2336 Quem
884 2264 990 2325 mili—3

10 2364 28 2408 e
45 2349 176 2423 gradum
191 2355 261 2409 ante
276 2348 335 2407 sub
351 2355 436 2422 patre
451 2355 520 2421 tuo,
534 2347 574 2407 Μ.
590 2347 706 2420 Vinici,
722 2355 752 2407 et
765 2347 797 2406 P.
814 2346 888 2407 Silio
905 2364 957 2406 au-

10 2432 109 2491 icatus
125 2432 156 2490 in
170 2432 299 2490 Thfflc'i'a
312 2431 571 2504 Macedoniaque,
597 2447 670 2490 mox
684 2431 802 2492 Achaia
816 2431 956 2506 Asiaque

24 2513 170 2572 omnibus
196 2514 235 2572 ad
262 2513 415 2572 Orientem
440 2514 517 2572 visis
543 2514 711 2586 provinciis
737 2523 767 2575 et
788 2532 842 2574 ore
863 2522 956 2590 atque

10 2611 105 2671 'oque
126 2596 219 2656 maris
240 2595 357 2656 Pontici
378 2597 472 2656 latere
491 2596 574 2654 haud
594 2597 760 2656 iniucunda
782 2606 826 2658 tot
844 2615 955 2671 rerum,

10 2696 123 2752 torum,
147 2680 298 2753 gentium,
324 2680 444 2741 urbium
459 2680 673 2741 recordatione
687 2681 837 2755 perfruor.
870 2681 988 2740 Priore

10 2764 97 2824 rthus
119 2765 202 2838 apud
219 2764 324 2823 Gaium
346 2765 376 2822 in
397 2771 503 2824 nostra
523 2763 606 2838 ripa,
628 2765 781 2839 posterior
801 2765 850 2824 hic
871 2765 953 2839 apud

10 2863 72 2922 tem
87 2849 117 2904 in
132 2847 235 2907 hostili
252 2849 393 2921 epulatus
410 2856 466 2907 est.

52 2930 110 2990 Cll.
144 2931 210 3003 Quo
232 2937 372 3005 ternpore
386 2931 426 2990 M.
442 2932 534 3006 Lolli,
562 2948 653 3006 quem
674 2933 767 2992 veluti
782 2933 984 2992 moderato-1

10 3030 31 3074 n
52 3018 193 3074 iuventae
214 3014 257 3074 iili
278 3017 327 3074 sui
345 3017 503 3089 Augustus
527 3031 598 3075 esse
612 3017 767 3089 voluerat,
791 3017 909 3090 perlida
925 3022 954 3071 et

10 3112 58 3157 tna
74 3097 197 3158 subdoli
213 3113 249 3157 ac
263 3101 377 3158 versuti
398 3100 489 3158 animi
504 3101 632 3159 consilia
648 3116 703 3174 per
716 3100 859 3159 Parthum
874 3095 952 3154 indi-

10 3181 174 3241 tacaesari
189 3182 270 3240 lama
284 3182 435 3254 vulgavit;
453 3182 541 3241 cuius
557 3198 640 3240 mors
656 3183 736 3240 intra
751 3195 868 3254 paucos
885 3179 950 3238 dies

10 3266 89 3325 tuito
104 3281 143 3323 an
157 3265 332 3324 voluntaria
352 3265 443 3324 luerit
458 3263 579 3338 ignoro.
611 3263 673 3323 Sed
690 3279 781 3338 quam
802 3262 884 3321 hunc
898 3263 950 3322 de—
966 3271 983 3321 2

10 3348 102 3407 tsisse
117 3348 220 3407 laetati
235 3348 390 3418 homines,
412 3354 472 3406 tam
495 3350 585 3422 paulo
602 3356 674 3420 post
689 3347 794 3408 obisse
811 3347 950 3407 Censori-

10 3446 37 3490 m
51 3432 82 3490 in
98 3432 207 3490 iisdem
224 3431 391 3506 provinciis
406 3431 540 3505 graviter
554 3432 621 3491 tulit
635 3431 757 3505 civitas,
782 3432 882 3491 virum
897 3432 950 3490 de-

10 3514 121 3575 rrcndis
146 3514 321 3575 hominihus
347 3515 492 3589 genitum.
524 3516 701 3576 Armeniam
724 3516 835 3575 deinde
858 3516 984 3575 Gaius3

10 3615 125 3661 :ressus
140 3599 239 3673 prima
252 3607 340 3674 parte
354 3600 495 3659 introitus
511 3616 662 3675 prospere
673 3617 738 3659 rem
750 3601 862 3674 gessit3
879 3613 951 3656 mox
