2348 4222
161 321 202 384 52
433 319 474 378 M.
496 318 638 377 VELLEI
657 317 872 377 PATERCULI

133 475 149 525 1
244 472 304 530 LX.
344 471 411 529 Non
434 469 574 542 placebat
595 467 682 527 Atiae
703 468 789 526 matri
809 467 1011 540 Philippoque
1036 464 1070 522 vit

163 554 238 615 adiri
252 569 363 614 nomen
378 552 549 612 invidiosae
563 553 703 610 fortunae
711 550 867 622 Caesarie,
884 550 941 607 sed
957 549 1067 606 adsere

164 637 309 697 salutaria
324 635 510 710 reipublicae
532 642 741 706 terrarumque
763 633 846 693 orbis
868 634 928 690 lata
951 631 1070 689 condito

135 723 152 774 a
164 727 477 794 conseruatoremque
491 717 620 777 Romani
635 716 776 774 nominis.
810 714 931 789 Sprevit
945 715 1050 787 itaque

163 803 248 863 lestis
274 802 393 863 animus
418 802 551 861 humana
572 799 701 860 consilia
729 806 759 858 et
784 815 852 858 eum
877 797 1014 870 periculo
1041 813 1070 870 pt

164 903 289 946 summa·
299 902 389 961 quam
395 891 460 946 tuto
472 884 598 944 humilia
608 881 866 958 proposuitsequi
873 880 1040 953 maluitque
1049 897 1070 938 a*

164 970 233 1029 culo
246 977 277 1028 et
288 969 412 1029 Caesari
426 970 464 1027 de
476 983 510 1028 se
523 983 613 1040 quam
628 966 734 1025 vitrico
747 965 888 1036 credere,
905 962 1070 1022 dictitansn

165 1068 250 1123 esse,
269 1067 329 1125 quo
344 1047 913 1123 nomineCaesaridignusessetvisus‚
931 1055 1029 1104 semet
1042 1047 1069 1119 ip

136 1135 261 1200 avideri
275 1135 441 1208 indignum.
462 1134 552 1192 Hunc
566 1133 705 1208 protinus
720 1133 871 1192 Antonius
887 1132 993 1188 consul
1011 1146 1070 1203 supi

166 1218 280 1291 excipit
294 1226 409 1292 (neque
423 1218 449 1276 is
462 1225 528 1276 erat
542 1222 749 1290 contemptus,
766 1216 823 1274 sed
835 1216 946 1295 metup)
961 1212 1070 1286 vixque

165 1299 261 1362 misso
278 1299 518 1375 inPompeianos
533 1299 639 1360 hortos
652 1297 797 1374 loquendi
814 1313 918 1357 secum
925 1302 1044 1370 tempus
1052 1297 1070 1354 d

165 1401 239 1444 mox
254 1383 344 1443 etiam
359 1386 443 1444 velut
460 1381 578 1443 insidiis
600 1383 665 1442 eius
688 1382 798 1457 petitus
819 1381 951 1440 sceleste
971 1381 1070 1438 ipsimi

138 1469 283 1542 aceepit,
299 1467 329 1526 in
343 1483 404 1543 quo
419 1466 547 1542 turpiter
559 1465 826 1540 deprehensaelus
833 1464 952 1522 vanitas
960 1472 1016 1522 est.
1033 1463 1070 1536 Ap

168 1552 279 1611 deinde
294 1552 408 1611 Antoni
426 1567 461 1610 ac
475 1551 652 1611 Dolabellae
674 1550 835 1609 consulum
853 1548 891 1605 ad
912 1546 1069 1605 nefandam

167 1635 363 1693 minationem
385 1635 484 1708 erupit
508 1635 601 1694 furor.
650 1632 828 1693 Sestertium
854 1631 990 1703 septiens
1017 1628 1070 1689 mili

169 1717 342 1788 depositum
362 1733 380 1774 a
402 1717 433 1774 C.
449 1716 581 1774 Caesare
605 1716 645 1774 ad
659 1716 766 1774 aedem
783 1714 872 1788 Opis,
900 1722 1070 1786 occupatan

168 1798 319 1866 Antonio;
341 1805 477 1857 actorum
499 1798 638 1856 eiusdem
651 1797 774 1856 insertis
795 1797 881 1855 salsis
905 1799 1027 1873 [repnte]
1045 1796 1069 1854 ci

168 1878 314 1952 libusque
328 1880 462 1954 corrupti
478 1881 683 1939 commentarii
698 1887 788 1954 atque
801 1879 903 1938 omnia
918 1882 1017 1952 pretio
1033 1888 1070 1940 ter

140 1969 234 2035 5rata
248 1964 401 2024 vendente
415 1963 633 2037 rempublicam
649 1965 786 2023 consule.
812 1964 896 2022 Idem
910 1965 1070 2036 provincia

166 2047 261 2107 Bruto
278 2048 437 2122 designato
453 2049 573 2108 consuli
595 2047 747 2107 decretam
764 2047 891 2107 Galliam
911 2062 1068 2120 occupare

167 2132 237 2202 tuit,
252 2132 410 2191 Dolabella
423 2131 641 2191 transmarinas
664 2131 799 2191 decrevit
812 2129 885 2188 sibi:
907 2131 1052 2204 interque
1066 2149 1070 2189 l

167 2214 269 2273 ralitcr
285 2215 505 2274 dissimillimos
520 2230 556 2274 ac
571 2214 695 2273 diversa
713 2213 843 2273 volentis
860 2214 1024 2272 crescebat
1041 2232 1070 2275 ot

168 2312 269 2370 eoque
296 2298 326 2355 C.
359 2297 471 2354 Caesar
500 2294 620 2355 iuvenis
653 2297 813 2357 cotidianis
842 2297 954 2355 Antoni
992 2300 1070 2371 pete

169 2379 299 2436 insidiis.

140 2474 155 2524 1
250 2460 323 2519 LXI.
358 2460 1070 2537 TorpebatoppressadamInatloneAntonicii

167 2543 334 2619 indignatio
347 2551 377 2604 et
388 2546 477 2606 dolor
489 2547 647 2618 omnibus,
660 2545 707 2605 vis
719 2546 758 2604 ad
772 2546 979 2606 resistendum
994 2548 1070 2608 nulli

168 2636 230 2702 rat,
245 2629 475 2688 cunctamur
487 2629 747 2688 undevicesimum
764 2646 875 2688 annum
888 2631 1061 2703 ingressus,

169 2729 263 2773 ausus
278 2728 314 2771 ac
330 2727 448 2771 summa
463 2718 649 2771 consecutus
659 2712 777 2785 privato
794 2712 922 2772 consilio
938 2717 1070 2776 maiorm

168 2802 241 2853 natu
256 2811 313 2866 pro
328 2794 487 2865 republica
501 2795 633 2854 animum
653 2795 760 2855 habuit
779 2796 971 2871 primumque
996 2817 1016 2858 a
1034 2798 1070 2857 Ca

168 2892 266 2936 moxa
276 2876 407 2936 Casilino
422 2885 586 2939 veteranos
602 2879 714 2937 excivit
724 2887 886 2953 paternos;
904 2896 1070 2953 quorume

170 2962 253 3035 plum
280 2959 377 3019 secuti
404 2960 454 3018 alii
474 2960 560 3020 brevi
582 2962 612 3019 in
634 2963 761 3037 formam
777 2964 847 3022 iusti
870 2965 972 3022 coiere
987 2981 1070 3024 exer

140 3044 241 3105 allon
257 3060 325 3105 cum
340 3044 492 3104 Antonius
508 3046 694 3104 occurrisset
708 3048 867 3120 exercitui,
892 3063 982 3121 quem
999 3056 1069 3107 ext

169 3127 293 3188 marinis
324 3129 491 3203 provinciis
516 3129 721 3189 Brundusium
754 3133 858 3189 venire
890 3130 1042 3205 iusserat,

168 3209 313 3271 Martiaet
322 3221 430 3286 quarta
445 3213 567 3287 cognita
581 3221 611 3274 et
624 3220 748 3274 senatus
763 3216 918 3275 voluntate
933 3222 964 3273 et
976 3217 1058 3276 tanti

168 3293 216 3350 nis
238 3294 355 3366 indole,
376 3295 504 3355 sublatis
526 3297 621 3370 signis
643 3297 683 3356 ad
704 3297 866 3357 Caesarem
893 3313 928 3356 se
949 3301 1070 3359 contule

143 3375 391 3437 3Eumsenatus
411 3376 592 3438 honoratum
614 3380 749 3454 equestri
764 3388 877 3456 statua,
901 3398 981 3456 quae
994 3381 1070 3442 hodi

169 3459 201 3518 in
212 3459 320 3519 rostris
333 3461 436 3533 posita
444 3467 573 3520 aetatem
585 3463 651 3522 eius
664 3465 815 3539 scriptura
826 3464 955 3537 indicat,
972 3467 1044 3540 (qui
1057 3467 1070 3524 l

170 3558 231 3603 non
250 3542 300 3603 alii
317 3557 374 3617 per
387 3550 542 3605 trecentos
558 3562 656 3607 annos
672 3565 763 3623 quam
780 3549 812 3607 L.
829 3547 932 3609 Sullae
949 3555 979 3607 et
994 3549 1051 3611 Cn.
1068 3551 1070 3608 ζ
