2348 4222
164 357 208 422 46
437 355 478 415 Μ.
502 354 642 414 victum
661 353 880 414 PATERCULI

165 527 227 572 non
243 509 443 585 praecipitata
458 524 495 568 oc
516 507 599 567 latmi
620 514 690 567 ante
710 505 826 566 initium
847 506 995 566 bellorum
1016 507 1058 566 eir

164 601 262 654 morte
278 593 372 653 lunoti
387 597 468 651 sunt.

134 689 150 741 1
246 676 347 740 XLIX.
381 674 509 735 Lentulo
531 680 561 733 et
580 672 726 734 Marcello
747 673 927 734 consulibus
949 680 1058 748 postu

167 761 320 821 conditam
335 758 424 818 annis
440 757 639 833 septingentis
654 757 759 829 tribus,
778 765 808 818 et
825 765 894 818 ante
910 774 1007 816 annos
1024 773 1058 816 se

165 846 248 920 ginta
263 851 342 916 octo,
362 859 453 919 quam
469 851 510 916 tu,
524 841 565 900 M.
578 840 688 914 Vinici,
706 843 896 902 consulatum
912 842 1019 913 inires,
1035 842 1058 898 b

134 939 152 991 2
166 929 255 988 civile
270 928 394 988 exarsit.
422 925 557 986 Alterius
573 925 660 985 ducis
677 941 772 985 causa
786 927 893 986 melior
909 925 1058 984 videbatui

165 1013 261 1072 terius
273 1017 337 1070 erat
348 1011 478 1080 lirmior;
495 1010 543 1069 hio
552 1010 654 1069 omnia
666 1011 819 1083 speciosa,
831 1010 891 1068 illic
899 1009 1045 1076 valentia;

165 1095 268 1170 peium
283 1102 409 1155 senatus
420 1094 595 1164 auctoritas,
614 1093 774 1153 Caesarem
790 1093 916 1152 militum
932 1093 1058 1151 armavit

167 1178 224 1238 eia.
247 1179 397 1239 Consules
413 1183 602 1250 senatusque
613 1192 735 1248 causae,
753 1193 814 1236 non
825 1175 981 1250 Pompeio,
999 1192 1058 1234 sun

133 1260 273 1336 simperi
295 1263 475 1322 detulerunt.
505 1259 584 1319 Nihil
605 1260 742 1319 relictum
764 1277 782 1319 a
805 1261 952 1330 Caesare,
977 1259 1058 1333 quod

165 1345 286 1405 vandae
302 1346 388 1420 pacis
405 1361 500 1405 causa
510 1344 617 1403 tentari
631 1350 755 1417 posset;
771 1343 844 1402 nibil
859 1350 1017 1417 receptum
1034 1360 1053 1402 a

165 1430 302 1505 peianis,
326 1445 393 1489 cum
410 1432 485 1489 aller
500 1428 609 1487 consul
629 1427 711 1487 iusto
726 1435 812 1487 esset
831 1428 976 1499 ferocior,
1003 1427 1058 1484 Ler

166 1528 242 1572 vero
257 1515 344 1573 salva
364 1511 522 1587 republica
544 1506 648 1571 sa‘lvus
669 1525 822 1571 essenon
845 1519 967 1584 posset,
992 1507 1058 1568 llll

167 1598 239 1657 Cato
262 1597 452 1657 moriendum
473 1604 543 1656 ante
561 1611 653 1669 quam
671 1595 764 1653 ullam
780 1594 993 1654 condicionem
1009 1595 1058 1652 clv

167 1681 339 1753 cipiendam
353 1680 541 1753 reipublicae
553 1678 760 1738 contenderet.
782 1679 838 1738 Vir
850 1679 993 1752 antiquus
1007 1683 1058 1751 etc

165 1761 291 1836 Pompei
307 1763 401 1835 partis
423 1762 562 1820 laudaret
582 1761 695 1835 magis,
718 1762 854 1835 prudens
879 1769 1058 1836 sequeretur

134 1857 152 1909 4
168 1843 256 1917 saris,
272 1851 301 1903 et
316 1844 367 1902 illa
382 1844 526 1918 gloriosa,
542 1845 619 1903 haec
633 1844 815 1904 terribiliora
830 1846 963 1904 duceret.
986 1845 1027 1904 Ut
1041 1846 1058 1903 d

167 1929 280 2003 spretis
297 1928 454 1998 omnibus,
472 1944 550 2003 quae
566 1928 679 1986 Caesar
693 1930 917 2002 postulaverat,
939 1937 1058 1988 tantum

167 2019 329 2072 contentus
352 2029 420 2072 cum
443 2029 502 2070 una
527 2012 648 2085 legione
674 2012 790 2072 titulum
815 2014 947 2071 retinere
974 2029 1055 2086 prov

166 2097 305 2171 privatus
329 2101 363 2155 ut
383 2097 412 2154 in
428 2096 535 2155 urbem
552 2096 668 2155 veniret
679 2101 709 2154 et
723 2112 758 2155 se
770 2097 798 2154 in
813 2096 958 2169 petitione
970 2113 1058 2156 consi

167 2180 322 2255 suffragiis
348 2181 456 2254 populi
476 2179 606 2239 Romani
632 2181 831 2240 committeret
858 2180 1041 2252 decrevere,

133 2269 150 2322 5
165 2264 341 2324 bellandum
356 2263 470 2320 Caesar
486 2278 553 2322 cum
570 2264 707 2322 exercitu
721 2264 911 2323 Rubiconem
932 2265 1056 2324 transiit

165 2346 329 2421 Pompeius
345 2346 553 2418 consulesque
568 2352 599 2403 et
614 2347 711 2404 maior
725 2363 797 2420 pars
814 2354 939 2407 senatus
954 2349 1058 2408 relicta

166 2445 203 2489 ac
219 2429 329 2488 deinde
344 2429 430 2488 ltalia
444 2429 641 2488 transmisere
654 2429 887 2506 Dyrrhachium.

135 2520 151 2572 1
248 2514 280 2572 L.
314 2513 355 2573 At
370 2512 484 2572 caesar
504 2513 635 2573 Domitio
656 2513 892 2589 legionibusque
915 2515 1045 2586 Corfini,

165 2612 311 2657 unacum
327 2613 364 2657 eo
381 2597 513 2670 luerunt,
530 2598 654 2671 potitus
671 2598 750 2657 duce
766 2599 905 2673 aliisque,
922 2601 972 2674 qui
989 2600 1058 2658 volu

167 2683 251 2742 abire
272 2682 311 2741 ad
326 2681 518 2754 Pompeium,
542 2682 608 2738 sine
623 2681 768 2740 dilatione
790 2684 941 2755 dimissiS,
965 2700 1059 2756 perse

165 2765 380 2836 Brundusium,
397 2765 438 2824 ita
452 2770 486 2822 ut
500 2770 663 2837 appareret
677 2766 766 2823 malle
782 2767 906 2840 integris
922 2768 1017 2826 rebus
1035 2750 1058 2825 Γ

167 2849 339 2907 dicionibus
355 2847 444 2906 linire
464 2847 576 2905 bellum
593 2863 683 2922 quam
699 2851 873 2923 opprimere
895 2842 1058 2924 lugientis'·''

165 2939 381 3004 transgressos
397 2930 565 3004 reperisset
580 2933 739 3005 consules,
764 2934 794 2991 in
816 2935 921 2993 urbem
942 2916 1058 2996 reveni

167 3016 291 3090 ditaque
311 3015 429 3073 ratione
445 3015 640 3074 consiliorum
662 3031 788 3076 suorum
809 3019 837 3077 in
855 3026 964 3079 senatu
980 3026 1010 3078 et
1033 3023 1058 3079 il

166 3099 249 3162 tione
264 3116 300 3160 ac
315 3098 504 3160 miserrimae
519 3100 771 3174 necessitudinis,
794 3119 862 3162 oum
877 3105 983 3162 alienis
1001 3120 1058 3163 arn

133 3189 249 3242 raama
264 3186 444 3260 compulsus
461 3193 557 3259 esset,
574 3185 739 3260 Hispanias
756 3194 861 3261 petere
876 3189 1023 3246 decrevit.
1057 3244 1058 3248 ,

166 3268 318 3325 nationem
344 3270 460 3327 itineris
486 3271 552 3330 eius
577 3270 764 3344 aliquamdiu
791 3279 908 3331 morata
928 3272 1058 3343 Massili

166 3350 229 3408 fide
242 3349 350 3408 melior
365 3367 456 3423 quam
472 3355 600 3414 consilio
618 3355 809 3428 prudentior,
831 3346 1058 3430 intempestivo'l

168 3431 310 3507 cipalium
326 3448 476 3490 armorum
493 3437 615 3494 arbitria
631 3447 775 3511 captans,
802 3437 912 3508 quibus
933 3441 963 3497 hi
986 3450 1056 3501 soro

133 3525 151 3579 3
165 3517 376 3590 interponere,
401 3517 529 3590 quinon
546 3528 703 3591 parentem
719 3521 862 3578 co'e'rcere
880 3524 1026 3595 possunt,¹
1042 3534 1058 3576 n

168 3602 245 3662 citus
262 3599 388 3674 deinde,
412 3599 464 3674 qui
486 3599 543 3658 sub
558 3602 685 3662 Afranio
702 3603 856 3662 consulari
872 3622 907 3665 ao
922 3598 1058 3679 Petrn'tqu
