2348 4222
473 308 574 377 teleto

303 558 431 630 &ianne-2
466 560 553 627 I-'isstf
594 568 624 607 '¹³
648 560 704 609 ‚43⁴³
792 566 820 607 θ’·

325 654 413 754 ὤμῳ)
451 676 513 727 με)
523 658 628 719 ωῌῶιις,
653 644 690 705 ις.
710 628 838 705 &we-(4¹21

176 855 308 950 lllllll.
341 854 524 950 1111111
561 854 871 951 PRAEFATIO.

424 1065 629 1075 ——--—

64 1204 96 1286 lu
116 1239 206 1290 Velleii
219 1242 346 1293 Paterculi
363 1242 437 1292 libris
455 1243 619 1291 emendandis
637 1258 694 1291 cnm
713 1243 786 1291 multi
804 1252 880 1305 atque
896 1246 945 1308 ipsi
965 1249 1042 1296 etiam

10 1306 60 1352 irtis
81 1309 182 1358 criticae
201 1312 331 1375 principes
349 1312 408 1375 plns
423 1319 553 1374 praestare
571 1326 622 1359 non
640 1312 783 1375 potuerint,
809 1328 884 1374 quarn
901 1322 930 1361 ut
947 1316 1041 1380 singuli

10 1375 88 1423 raucis
107 1376 203 1440 aliquot
224 1381 288 1429 locis
305 1380 431 1443 corruptis
449 1387 542 1428 certam
559 1380 711 1428 medicinam
732 1380 863 1440 afferrent,
887 1382 966 1429 multo
985 1384 1042 1446 plu-

11 1441 68 1491 ibns
87 1459 134 1508 per
152 1449 311 1498 coniecturas
334 1449 448 1498 infelices
466 1448 584 1499 fallacem.
602 1449 688 1511 potius
708 1448 835 1508 quandam
853 1451 967 1496 sanitatis
983 1465 1042 1513 spe-

10 1512 64 1560 iem
84 1515 233 1565 inducerent
258 1533 335 1579 quam
353 1517 469 1565 morbum
492 1518 578 1579 ipsum
603 1516 734 1579 tollerent,
764 1515 828 1563 mihi
855 1517 970 1565 dubitare
991 1534 1040 1567 nor

10 1580 64 1640 icet,
84 1584 147 1643 quin
166 1584 224 1632 aliis
241 1600 299 1633 mea
317 1587 421 1633 inventa
435 1583 505 1632 haud
522 1585 605 1631 rarius
623 1583 782 1647 displicitura
798 1585 864 1643 sint,
884 1599 960 1646 quam
978 1587 1029 1635 alio

10 1664 53 1698 nm
69 1650 152 1700 multa
169 1651 233 1699 mihi
250 1652 446 1715 displicuerunt;
474 1656 559 1713 itaque
585 1652 645 1700 satis
673 1651 788 1712 habebo,
812 1654 835 1702 si
860 1653 956 1715 aliquot
978 1655 1040 1703 locis

10 1726 64 1781 ecte
89 1721 272 1784 prospexisse,
300 1721 452 1770 coniecturis
470 1728 555 1769 autern
571 1736 621 1769 non
640 1722 794 1770 necessariis
813 1730 856 1770 aut
873 1736 963 1785 parurn
982 1739 1040 1772 con-

10 1786 115 1837 ideratis
127 1805 178 1839 non
190 1791 266 1838 nimis
278 1790 417 1839 indulsisse
430 1791 544 1840 videbor.
571 1789 636 1838 Illud
651 1792 717 1838 enim
730 1791 771 1839 vel
790 1792 901 1840 maxime
914 1792 1041 1856 agendum

10 1864 37 1905 st
54 1856 80 1904 in
97 1857 168 1907 libris
188 1873 267 1922 supra
283 1859 415 1924 vulgarem
433 1860 536 1908 modum
556 1859 713 1922 depravatis,
737 1875 770 1908 ne
788 1860 828 1908 vel
845 1860 966 1908 vitiorum
984 1876 1042 1924 gra-

10 1926 75 1973 'itate
93 1926 132 1975 vel
151 1927 248 1976 infinita
267 1929 470 1977 emendationum
497 1927 659 1976 multitudine
682 1929 764 1991 abripi
786 1943 832 1976 nos
855 1930 984 1992 patiamur
1009 1930 1043 1977 ad

10 1994 159 2044 inmodicam
196 1997 340 2060 corrigendi
367 1997 503 2045 licentiam.
550 1996 634 2056 Atque
669 2011 718 2059 ego
753 1995 856 2056 quidem
889 2011 1043 2057 quamquam

12 2076 84 2110 ornm
99 2066 243 2123 commodo,
260 2066 305 2125 qui
316 2064 385 2113 hunc
402 2066 551 2126 scriptorem
564 2064 620 2109 sine
633 2064 822 2110 commentariis
831 2063 917 2126 legere
929 2065 1043 2126 cupiunt,

10 2131 108 2180 landum
124 2133 173 2181 hoc
190 2134 291 2190 censui,
315 2140 344 2179 ut
363 2132 520 2193 paucissima
542 2137 640 2178 tantum
660 2131 722 2178 vitia
744 2131 838 2178 intacta
863 2131 1042 2192 relinquerem,

10 2198 126 2261 derisque
154 2201 266 2260 aliquam
291 2199 332 2247 vel
359 2213 441 2247 meam
470 2199 511 2247 vel
539 2200 648 2248 alienam
675 2200 857 2248 correctionem
885 2199 1042 2261 adhiberem,

10 2267 58 2317 lud
74 2276 163 2315 tamen
178 2268 298 2315 inducere
317 2267 427 2315 animum
443 2283 493 2316 non
512 2269 600 2331 potui,
617 2274 645 2316 ut
662 2269 833 2331 gravissimae
852 2268 1041 2332 depravationis

10 2336 109 2399 astigia
128 2336 213 2384 omnia
237 2335 401 2393 occultarem;
428 2352 506 2398 quare
529 2351 595 2398 quae
620 2338 646 2383 in
671 2337 757 2385 codice
775 2338 937 2387 Murbacensi
960 2338 1042 2386 fuisse

10 2412 94 2453 onstat
104 2405 220 2466 quamvis
230 2404 368 2453 manifesta
379 2405 539 2454 librariorum
551 2404 732 2463 additamenta,
745 2421 796 2454 non
810 2406 891 2455 abieci
906 2406 984 2470 plane
996 2407 1042 2455 sed

10 2474 120 2537 ppositis
138 2473 299 2537 parenthesis
318 2474 400 2538 signis
419 2474 563 2522 abiicienda
581 2472 706 2529 indicavi;
729 2475 772 2523 nbi
794 2482 879 2523 autem
897 2476 924 2524 in
941 2482 1041 2523 mutan-

10 2540 37 2589 lis
54 2542 150 2591 codicis
169 2542 254 2592 verbis
273 2543 432 2591 coniecturas
449 2552 552 2590 secutus
566 2555 631 2598 sum,
649 2555 715 2602 quae
726 2543 875 2590 incertiores
888 2544 1041 2601 viderentur,

10 2617 39 2659 nrt
55 2611 100 2659 nbi
117 2610 221 2660 lacunas
240 2613 304 2659 meis
323 2611 477 2673 quibusdam
495 2611 578 2659 verbis
597 2611 708 2674 exempli
726 2625 804 2659 causa
821 2610 913 2674 positis
931 2610 1041 2674 explevi,

10 2692 28 2725 ra
45 2681 128 2728 omnia
151 2680 278 2730 inclinatis
302 2679 392 2729 litteris
415 2680 493 2729 scribi
517 2681 597 2738 iussi,
626 2680 723 2729 additis
747 2680 809 2728 item
836 2679 869 2728 ad
893 2679 1041 2729 lacunarum

10 2748 170 2811 upplementa
181 2749 342 2813 parenthesis
355 2750 446 2814 signis.
478 2747 532 2807 Qua
541 2748 640 2797 ratione
650 2763 701 2797 non
713 2747 797 2797 solum
810 2749 874 2806 cavi,
890 2764 921 2798 ne
936 2751 961 2797 in
978 2750 1041 2798 locis

10 2812 81 2864 lubiis
98 2815 173 2868 fucus
190 2817 262 2867 lieret
280 2817 435 2883 lectoribus,
463 2818 509 2866 sed
528 2816 598 2866 effeci
617 2819 708 2875 etiam,
734 2825 762 2865 ut
780 2820 899 2882 graviora
915 2819 1042 2879 quaedam

10 2880 184 2947 lcpravationis
210 2901 305 2952 genera
322 2887 467 2937 manifestis
492 2887 650 2935 documentis
677 2895 804 2950 extarent,
832 2901 865 2935 ex
890 2887 984 2948 quibus
1009 2887 1041 2934 de

10 2955 57 3002 ocis
74 2955 158 3004 minus
180 2956 323 3006 manifestis
345 2958 452 3006 iudicari
477 2964 572 3020 posset.
609 2955 674 3005 Nam
695 2957 830 3019 irrepsisse
853 2953 991 3016 aliquando
1014 2956 1042 3006 in

10 3034 52 3084 psa
68 3022 162 3073 Velleii
179 3026 256 3075 verba
273 3027 339 3076 varii
358 3027 460 3091 generis
478 3041 491 3074 e
513 3026 629 3090 margine
645 3024 835 3080 additamenta,
862 3023 926 3071 adeo
946 3030 1041 3070 certum

10 3099 35 3138 nt
57 3093 208 3154 quibusdam
227 3096 366 3159 exemplis,
389 3094 469 3144 veluti
485 3094 530 3144 lib.
547 3095 571 3153 I,
595 3108 618 3142 c.
636 3090 666 3151 6,
690 3091 715 3143 6.
733 3092 780 3140 lib.
795 3091 831 3149 11,
855 3106 878 3142 c.
899 3089 947 3150 10,
971 3091 996 3140 1.
1013 3099 1042 3141 nt

10 3158 54 3208 olla
71 3162 116 3223 qui
133 3164 346 3222 consideraverit,
375 3164 491 3212 dubitare
508 3176 559 3211 non
578 3162 675 3226 possit,
703 3161 764 3223 quin
787 3167 856 3208 recte
879 3161 956 3209 etiam
980 3160 1041 3210 alibi

10 3242 26 3275 o
43 3231 195 3280 emendandi
211 3247 305 3296 genere
322 3239 432 3281 utamur.
468 3231 557 3292 Neque
574 3230 657 3279 minus
675 3236 770 3279 certum
790 3237 840 3291 est,
859 3232 1042 3293 praetermissa

12 3308 50 3346 sse
69 3314 282 3362 nonnunquama
301 3300 406 3350 librario
423 3300 560 3349 festinante
584 3299 681 3362 aliquot
699 3298 791 3349 Velleii
810 3300 901 3363 verba,
929 3300 1040 3348 maxime

10 3364 37 3415 bi
53 3381 68 3414 a
85 3383 149 3417 voce
166 3368 245 3418 simili
269 3370 303 3419 ad
325 3368 436 3419 similem
461 3368 502 3418 vel
527 3368 560 3417 ad
584 3369 689 3418 eandem
711 3369 802 3418 iterum
824 3369 935 3432 positam
960 3367 1041 3416 oculis

10 3432 111 3485 berrare
135 3436 210 3486 facile
236 3446 303 3500 erat3
331 3439 400 3500 quod
424 3439 547 3488 vitiorum
571 3452 652 3501 genus
675 3453 733 3487 cum
757 3444 782 3485 et
807 3437 901 3499 ubique
920 3435 1041 3497 frequens

10 3500 25 3551 lt
40 3512 65 3552 et
83 3505 110 3554 in
129 3520 229 3556 summa
246 3506 345 3558 librarii
358 3507 483 3557 Velleiani
499 3505 657 3572 negligentia
670 3521 753 3571 paene
768 3506 859 3554 abesse
878 3519 928 3553 non
948 3504 1041 3566 possit,

10 3584 133 3636 amparare
152 3572 214 3623 mihi
233 3590 284 3625 non
302 3576 374 3640 potui
392 3576 454 3638 quin
477 3576 628 3638 aliquotiens
654 3575 720 3625 meis
743 3573 832 3681 verbiq¹
845 3572 980 3621 Velleiane
1000 3569 1041 3614 in-

793 3663 810 3697 a
