2348 4222
278 373 489 434 HISTORIAE
504 374 695 435 ROMANAE
711 377 746 450 11,
763 386 787 436 2.
801 384 828 437 3.
991 376 1045 439 '15

66 541 99 586 se
113 530 310 598 negaverunt,
327 524 405 581 sicut
421 524 576 597 quondam
592 523 717 582 Caudini
733 525 885 599 iecerunt,
908 527 1046 587 dicentes

42 618 46 627 ’
63 610 214 683 publicam
228 606 422 666 violationem
434 606 506 665 lidei
521 621 582 666 non
595 607 709 667 debere
723 608 814 667 unius
829 610 871 669 lui
887 611 1045 685 sanguine.

27 630 87 839 Ι
145 693 182 749 ll.
227 691 390 748 Immanem
403 689 657 750 deditiohiancini
673 690 803 750 civitatis
819 693 913 752 movit
927 696 1046 754 dissen-
1063 707 1079 759 l

61 777 199 843 sionem,
223 774 338 848 quippe
352 773 489 832 Tiberius
505 773 678 845 Gracchus,
701 775 801 834 Tiberi
818 775 961 850 Gracchi,
986 781 1045 838 cla

10 858 29 953 f
60 859 175 920 rissimi
191 865 283 932 atque
298 857 529 915 eminentissimi
544 857 599 915 viri
615 857 711 932 sriiuS,
728 857 819 917 Pi
776 859 913 919 Africani
933 875 971 918 ex
986 861 1048 920 filia

10 956 18 1035 ¹r
61 959 172 1019 napos,
201 957 262 1016 quo
285 946 450 1016 quaestore
473 947 503 999 ct
524 946 649 999 auctora
672 941 702 999 id
731 942 842 1002 foedus
865 944 957 1001 ictum
973 952 1045 1015 erat,

10 1048 13 1061 ·
60 1042 143 1086 nunc
159 1024 320 1100 graviterl
319 1039 410 1083 erens
428 1024 544 1098 ahquid
560 1041 578 1083 a
601 1040 634 1083 se
649 1032 773 1098 pactum
785 1025 941 1099 infirmari,
964 1044 1046 1087 nunc

10 1148 14 1197 t
63 1111 171 1171 similis
186 1111 234 1167 vei
249 1109 341 1167 iudici
356 1111 404 1166 vel
421 1123 540 1182 poenae
554 1115 694 1167 metucns
710 1109 883 1183 discrimen,
906 1110 1046 1171 tribunus

10 1193 163 1270 piebis
181 1201 315 1265 crabim,
340 1192 385 1250 vir
400 1190 515 1266 alioqui
530 1193 593 1251 vita
618 1191 898 1267 innocentissimus,
922 1196 1044 1269 ingenio

10 1294 16 1335 r
58 1277 313 1347 florentissimuS,
349 1277 509 1350 proposito
540 1273 769 1350 sanctissimUS,
798 1278 888 1337 tantis
911 1278 1045 1353 denique

10 1362 17 1415 ι
59 1362 226 1421 adornatus
249 1359 426 1432 virtutibus,
455 1366 585 1432 quantas
605 1361 741 1432 perlecta
756 1368 786 1420 οι
813 1369 921 1420 natura
949 1370 980 1421 οι
1001 1363 1044 1420 in-

18 1464 28 1511 ·,
59 1445 177 1506 dustria
195 1443 333 1503 mortalis
349 1442 488 1501 condicio
504 1440 625 1517 recipit,
647 1443 680 1501 P.
701 1443 801 1503 liilucio
821 1444 987 1516 Scaevola,
1011 1445 1044 1502 L.

59 1528 222 1603 Calpurnio
237 1526 426 1598 consulibus,
442 1525 658 1585 abhincannos
670 1532 791 1584 centum
799 1526 959 1598 sexaginta
967 1527 1045 1585 duos

58 1609 191 1670 descivit
204 1609 343 1669 abonis:
360 1607 579 1681 pollicitusque
594 1609 646 1666 toti
661 1608 766 1666 ltaliae
782 1609 940 1681 civitatem,
957 1608 1045 1670 simui
1060 1617 1077 1670 ι

57 1694 151 1753 etiam
168 1689 369 1765 promulgatis
391 1690 519 1763 agrariis
540 1690 675 1764 legibus,
697 1695 825 1751 omnium
847 1697 959 1751 statum
975 1710 1044 1753 con-

56 1776 246 1847 cutientibus,
271 1789 389 1833 summa
404 1772 472 1832 imis
494 1774 615 1835 miscuit
636 1782 665 1835 et
685 1775 716 1833 in
731 1784 929 1850 praeruptum
951 1782 1044 1852 atque

57 1875 174 1934 anceps
191 1858 359 1933 periculum
374 1857 502 1917 adduxit
515 1858 751 1933 rempublicam;
776 1859 965 1934 Octavioque
981 1863 1042 1920 col-

58 1946 143 2018 legae
160 1959 214 2018 pro
228 1943 310 2002 bono
329 1941 451 2017 publico
464 1944 555 2002 stanti
570 1943 915 2018 imperiumabrogavit3
939 1944 1042 2001 trium-

57 2029 141 2087 viros
164 2027 247 2100 agris
270 2025 445 2085 dividendis
468 2027 651 2097 colonisque
666 2026 858 2085 deducendis
879 2027 994 2085 creavit
1009 2042 1043 2086 se

57 2125 263 2183 socerumque
276 2125 373 2180 suum,
391 2109 585 2166 consularem
594 2105 738 2178 Appium,
754 2116 784 2166 et
800 2108 906 2164 Gaium
922 2109 1043 2167 iratrem

56 2194 223 2253 admodum
238 2193 392 2249 iuvenem.

141 2275 193 2330 lll.
235 2271 361 2331 TumP.
380 2269 484 2344 Scipio
504 2271 630 2344 Nasica,
654 2271 720 2330 eius
748 2271 799 2347 qui
816 2272 1073 2345 optimusviral

10 2361 169 2449 senatu
184 2354 335 2414 iudicatus
352 2362 416 2414 erat
417 2369 555 2428 ,nepos
573 2355 639 2414 eius
663 2354 714 2429 qui
731 2371 844 2416 censor
859 2358 1019 2431 porticus
1012 2376 1042 2416 rn

10 2412 146 2514 Capi
135 2439 207 2498 οιιο
229 2440 357 2510 iecerat,
387 2438 483 2511 iilius,
504 2454 672 2534 pronepos
695 2445 795 2499 autem
811 2439 861 2498 Cn
877 2439 1041 2515 Scipionis,

10 2512 17 2615 i
54 2522 246 2582 celeberrimi
263 2540 318 2581 vrri
332 2523 364 2580 P
375 2522 439 2579 Ah
434 2537 512 2580 icam
528 2522 636 2595 patrui,
651 2522 849 2596 privatusque
864 2530 1040 2598 occupatus,

10 2620 125 2667 cum
142 2613 226 2665 esset
247 2605 454 2666 consobrinus
478 2604 520 2661 Ti.
538 2604 683 2678 Gracchi,
716 2605 845 2679 patriam
867 2609 1041 2679 cognationi

10 2691 233 2791 ·praeierens
256 2697 286 2750 et
301 2689 448 2764 quicquid
463 2689 586 2762 publico
599 2689 733 2748 salutare
746 2704 806 2748 non
823 2696 916 2760 esset,
939 2689 1040 2763 priva-

10 2794 22 2885 f
52 2775 106 2834 tim
128 2774 258 2833 alienum
280 2774 460 2834 existimans
482 2771 535 2846 (ob
554 2788 607 2832 cns
628 2773 753 2832 virtutes
775 2773 890 2846 primus
907 2774 1040 2833 omnium

54 2859 168 2917 absens
196 2858 295 2931 pontii
294 2874 333 2917 ex
362 2858 514 2915 maximus
536 2857 635 2916 iactus
650 2861 727 2929 cst),
750 2857 936 2916 circumdata
951 2859 1038 2918 laevo

10 2956 15 3005 ι
52 2940 180 3000 brachio
203 2949 294 3014 togae
313 2940 422 2999 lacinia
437 2955 476 2998 ex
493 2942 653 3014 superiore
670 2947 758 3014 parte
770 2939 899 3014 Capitoli
912 2943 1038 3001 summis

13 3072 16 3077 .
10 3024 199 3099 gradibus
212 3025 357 3084 insistens
372 3024 572 3084 hortatusl
525 3032 572 3084 est
573 3025 646 3098 ,qui
661 3027 777 3084 salvam
790 3027 903 3082 veilent
916 3040 1037 3096 rempu-

10 3134 16 3149 ··
52 3107 179 3179 blicam,
203 3125 237 3167 se
253 3116 463 3182 sequerentur
498 3110 573 3167 Tum
589 3108 762 3182 optimates,
793 3113 918 3163 senatus
947 3101 1070 3178 atque2

10 3186 15 3267 ζ
52 3192 207 3266 equestris
223 3192 338 3252 ordinis
362 3209 434 3265 pars
457 3191 614 3249 melioret
639 3189 737 3246 maior
759 3195 788 3245 et
813 3189 841 3244 in
845 3192 1038 3263 ttacaperni·

10 3272 14 3327 ἰ
53 3274 148 3335 closis
163 3274 299 3334 consiliis
316 3275 404 3348 plebs
420 3275 541 3331 inruere
556 3273 586 3330 in
600 3271 768 3330 Gracchum
782 3277 911 3331 stantem
922 3273 952 3332 in
968 3291 1039 3335 area

54 3376 122 3419 cum
141 3360 271 3418 catervis
294 3357 360 3418 suis
381 3365 410 3417 et
426 3357 616 3417 concientem
631 3371 731 3431 paene
753 3357 845 3416 totius
861 3357 964 3417 ltaliae
980 3361 1038 3417 irc-

53 3443 226 3517 qucntiam:
249 3443 276 3502 is
292 3441 414 3516 lugiens
430 3442 660 3515 decurrensque
676 3441 754 3499 clivo
771 3440 955 3514 Capitolino,
979 3442 1037 3499 ira-

51 3527 155 3600 gminc
171 3526 297 3586 subseiii
312 3526 391 3585 ictus
403 3527 505 3595 vitam,
528 3541 616 3599 quam
633 3523 1037 3599 gloriosissimcdcgerepo-

52 3617 163 3684 tuerat,
178 3611 337 3671 immatura
351 3616 448 3669 morte
464 3607 568 3668 linivit.
594 3609 665 3669 Hoc·
674 3607 789 3667 initium
805 3609 834 3667 in
850 3609 926 3667 urbo
941 3609 1036 3664 Roma
1050 3611 1067 3662 3
