2422 4200
234 108 255 169 2
511 109 550 166 ll.
566 109 709 167 VELLET
724 109 940 169 PATERCULI

234 259 351 318 ltaliam
373 265 403 318 et
417 260 486 318 loco
502 266 531 317 et
550 259 658 317 ineolis
680 265 710 316 et
730 258 805 316 mari
826 258 928 317 nobile
949 272 985 315 ac
1001 263 1111 331 perpet

237 357 272 401 se
287 357 399 401 nomen
416 341 509 400 dedit.

207 450 221 501 1
319 426 355 483 ll.
400 425 473 484 Post
489 424 604 484 Orestis
620 422 771 482 interitum
788 421 842 482 lilii
857 422 1110 482 eiusPenthiluse

233 524 342 568 menus
354 506 668 582 regnaveretriennio.
689 507 836 567 Tumsere
849 523 929 566 anno
939 505 1107 579 octogesim

233 594 354 652 Troiam
370 601 505 667 captam,
521 591 688 651 centesimo
703 598 733 651 et
746 589 893 649 vicesimo
911 605 1002 665 quarn
1013 589 1109 648 Hercu

234 677 311 736 deos
327 682 520 746 excesserat,
536 674 658 749 Pelopis
673 674 853 748 progenies,
875 689 955 747 quae
971 671 1053 732 omni
1067 672 1107 732 ho

233 772 310 832 pore
326 758 424 830 pulsis
444 758 613 817 Heraclidis
628 757 832 831 Peloponnesi
853 755 1014 832 imperium
1036 754 1108 816 obtir

234 839 754 913 abHerculisprogenieexpellitur.
777 840 880 899 Duces
891 839 1094 915 recuperandi

235 926 320 982 luere
334 923 501 996 Temenus,
518 923 740 996 Cresphontes,
756 924 980 995 Aristodemus,
998 937 1107 998 quorun

204 1015 290 1066 2vus
304 1007 411 1065 luerat.
433 1006 550 1064 Eodem
563 1007 626 1064 lere
638 1012 775 1080 tempore
787 1005 925 1064 Athenae
937 1006 994 1065 sub
1006 1006 1106 1079 regibu

234 1088 405 1162 desierunt,
422 1104 550 1163 quarum
557 1090 679 1148 ultimus
695 1104 749 1147 rex
757 1089 954 1161 luilCodrus,
966 1087 1106 1148 Melanthi

234 1174 279 1231 vir
294 1188 354 1230 non
376 1173 627 1246 praetereundus.
661 1172 781 1247 Quippe
796 1187 865 1230 curn
879 1170 1104 1231 Lacedaemoni

232 1256 313 1316 bello
333 1257 452 1316 Atticos
473 1262 660 1329 premerent,
682 1255 958 1330 respondissetque
972 1254 1101 1332 Pythius
1119 1247 1182 1327 ’ᾗ

231 1355 299 1398 rum
315 1341 378 1398 dux
393 1341 431 1399 ab
447 1340 535 1400 hoste
550 1347 634 1399 esset
649 1337 788 1411 occisus,
809 1354 865 1397 cos
887 1338 1005 1398 tuturos
1027 1342 1168 1413 supe&
1185 1385 1191 1388 .

233 1423 376 1495 deposita
390 1429 476 1480 veste
491 1423 577 1494 regia
591 1423 775 1495 pastoralem
791 1423 903 1481 cultum
918 1421 1029 1495 induit,
1045 1422 1157 1489 immix

234 1520 293 1578 que
306 1504 415 1563 castris
428 1504 560 1562 hostium
575 1505 613 1562 de
629 1505 793 1577 industria,
809 1505 1031 1579 imprudenter,
1045 1506 1146 1568 rixam

201 1588 332 1661 delens,
348 1586 547 1661 interemptus
559 1594 615 1646 est.
638 1587 772 1647 Codrum
783 1602 851 1646 cum
862 1594 959 1647 morte
971 1595 1097 1649 aeterna
1109 1592 1155 1665 glc

231 1669 428 1729 Atheniensis
442 1671 683 1730 secutavictoria
695 1677 751 1731 est.
774 1670 847 1744 Quis
859 1688 927 1731 eum
940 1689 1002 1732 non
1013 1672 1155 1749 miretur,

231 1753 279 1814 his
307 1755 421 1815 artibus
446 1761 572 1814 mortem
599 1753 778 1830 quaesierit,
806 1754 917 1830 quibus
943 1756 983 1815 ab
1009 1754 1129 1831 ignavis

232 1837 339 1913 quaeri
354 1841 447 1899 solet!
477 1839 574 1898 Huius
597 1840 677 1898 lilius
692 1839 805 1898 lllledon
821 1840 936 1914 primus
955 1839 1072 1900 archon
1085 1840 1155 1901 Alln

232 1923 295 1981 luit.
325 1923 373 1981 Ab
389 1922 448 1981 hoc
465 1923 580 1996 posteri
602 1923 685 1996 apud
699 1924 819 1983 Atticos
835 1923 906 1982 dicti
921 1922 1136 1994 Medontiduc3

231 2006 280 2064 hic
301 2004 563 2078 insequentesque
584 2005 746 2064 archontes
768 2023 868 2080 usque
889 2006 929 2065 ad
949 2005 1122 2081 Charopem
1141 2008 1154 2065 i

200 2084 370 2145 Aviverenr
390 2101 459 2145 eum
480 2086 627 2147 honorem
650 2090 849 2163 usurpabant.
876 2090 1095 2163 Peloponnesii
1111 2090 1154 2163 uh

231 2170 350 2228 dientes
372 2170 485 2231 finibus
496 2170 604 2230 Atticis
616 2170 786 2246 Megaram,
814 2172 945 2231 mediam
961 2172 1104 2235 corintho
1119 2174 1153 2233 At

230 2254 343 2327 nisque
358 2255 480 2329 urbem,
496 2255 673 2316 condidere.
702 2256 746 2316 Ea
761 2263 941 2331 tempestate
954 2266 983 2318 et
996 2258 1089 2335 Tyria
1103 2258 1151 2319 cla

232 2339 393 2413 plurimum
415 2341 533 2413 pollens
559 2339 650 2414 mari,
676 2341 706 2398 in
732 2341 836 2400 ultimo
850 2341 1018 2416 Hispaniae
1042 2346 1149 2413 tractu,

231 2428 366 2481 extremo
377 2421 708 2494 nostriorbislermino,
717 2424 846 2482 insulam
855 2424 1070 2485 circumfusam
1079 2422 1148 2485 Oce:

232 2507 400 2580 perexiguo
417 2523 434 2565 a
450 2506 753 2567 eontinentidivisam
767 2507 859 2581 lreto,
878 2509 971 2568 Gadis
987 2507 1133 2568 condidit.

230 2587 339 2647 iisdem
356 2597 427 2664 post
444 2607 562 2664 paucos
578 2607 675 2650 annos
690 2591 719 2649 in
735 2590 840 2651 Alricc
854 2592 942 2653 Utica
957 2589 1080 2652 condite
1096 2598 1144 2651 est

203 2668 218 2721 l
315 2673 365 2730 lll.
409 2672 536 2733 Exclusi
556 2674 594 2733 ab
614 2675 785 2735 Heraclidis
807 2674 922 2736 Orestis
943 2675 1030 2735 liberi
1051 2675 1143 2735 iactat

231 2771 300 2816 cum
322 2755 415 2816 variis
437 2758 576 2832 casibus,
601 2765 663 2818 tum
679 2759 806 2819 saevitia
827 2757 935 2831 marie,
962 2759 1067 2832 quinto
1095 2758 1135 2819 de
1167 2793 1192 2835 q

232 2857 313 2901 anno
329 2842 435 2901 sedem
451 2857 562 2917 cepere
577 2842 658 2902 circa
672 2842 805 2903 Lesbum
827 2843 966 2903 insulam.
994 2842 1071 2901 Tum
1087 2842 1138 2903 Gr
1152 2885 1160 2910 ·„
1191 2846 1211 2934 f

231 2925 371 2984 maximis
381 2925 739 2987 concussaestmotibus.
764 2927 894 3000 Achaei,
910 2925 1152 3001 exLaconicap
1198 2935 1200 2942 ‘

233 3022 287 3064 eas
304 3024 498 3081 occupavere
511 3012 610 3083 sedis,
635 3028 713 3087 quas
729 3027 809 3071 nunc
825 3009 976 3084 obtinent,
991 3009 1135 3083 Pelasgi.
1164 3029 1166 3034 ’
1197 3075 1198 3080 ,

231 3104 288 3148 nas
297 3093 551 3165 commigravere,
569 3110 702 3171 acerque
714 3095 785 3154 belli
800 3094 935 3165 iuvenis,
953 3092 1153 3153 nomineTh
1201 3091 1208 3120 ‘³

232 3174 296 3245 lue,
323 3175 445 3234 natione
459 3176 675 3252 Thesprotius,
702 3194 769 3236 cum
784 3192 895 3250 magna
913 3177 1024 3237 civium
1039 3194 1134 3238 manu
1151 3209 1156 3232 2

230 3254 387 3329 regionem
416 3260 507 3320 armis
533 3263 709 3335 occupavit,
729 3276 815 3335 -quae
841 3276 922 3321 nunc
942 3260 980 3320 ab
1002 3260 1069 3320 eius
1091 3277 1166 3321 noua
1188 3259 1189 3262 ’

230 3337 389 3401 Thessalia
406 3346 591 3419 appellatur,
614 3353 683 3404 ante
697 3344 924 3421 Myrmidonum
950 3346 1082 3405 vocitata
1097 3346 1153 3409 civi
